%YAML 1.1
%TAG !u! tag:unity3d.com,2011:
--- !u!29 &1
OcclusionCullingSettings:
  m_ObjectHideFlags: 0
  serializedVersion: 2
  m_OcclusionBakeSettings:
    smallestOccluder: 5
    smallestHole: 0.25
    backfaceThreshold: 100
  m_SceneGUID: 00000000000000000000000000000000
  m_OcclusionCullingData: {fileID: 0}
--- !u!104 &2
RenderSettings:
  m_ObjectHideFlags: 0
  serializedVersion: 9
  m_Fog: 0
  m_FogColor: {r: 0.5, g: 0.5, b: 0.5, a: 1}
  m_FogMode: 3
  m_FogDensity: 0.01
  m_LinearFogStart: 0
  m_LinearFogEnd: 300
  m_AmbientSkyColor: {r: 0.212, g: 0.227, b: 0.259, a: 1}
  m_AmbientEquatorColor: {r: 0.114, g: 0.125, b: 0.133, a: 1}
  m_AmbientGroundColor: {r: 0.047, g: 0.043, b: 0.035, a: 1}
  m_AmbientIntensity: 1
  m_AmbientMode: 0
  m_SubtractiveShadowColor: {r: 0.42, g: 0.478, b: 0.627, a: 1}
  m_SkyboxMaterial: {fileID: 10304, guid: 0000000000000000f000000000000000, type: 0}
  m_HaloStrength: 0.5
  m_FlareStrength: 1
  m_FlareFadeSpeed: 3
  m_HaloTexture: {fileID: 0}
  m_SpotCookie: {fileID: 10001, guid: 0000000000000000e000000000000000, type: 0}
  m_DefaultReflectionMode: 0
  m_DefaultReflectionResolution: 128
  m_ReflectionBounces: 1
  m_ReflectionIntensity: 1
  m_CustomReflection: {fileID: 0}
  m_Sun: {fileID: 705507994}
  m_IndirectSpecularColor: {r: 0.18028378, g: 0.22571412, b: 0.30692285, a: 1}
  m_UseRadianceAmbientProbe: 0
--- !u!157 &3
LightmapSettings:
  m_ObjectHideFlags: 0
  serializedVersion: 12
  m_GIWorkflowMode: 1
  m_GISettings:
    serializedVersion: 2
    m_BounceScale: 1
    m_IndirectOutputScale: 1
    m_AlbedoBoost: 1
    m_EnvironmentLightingMode: 0
    m_EnableBakedLightmaps: 1
    m_EnableRealtimeLightmaps: 0
  m_LightmapEditorSettings:
    serializedVersion: 12
    m_Resolution: 2
    m_BakeResolution: 40
    m_AtlasSize: 1024
    m_AO: 0
    m_AOMaxDistance: 1
    m_CompAOExponent: 1
    m_CompAOExponentDirect: 0
    m_ExtractAmbientOcclusion: 0
    m_Padding: 2
    m_LightmapParameters: {fileID: 0}
    m_LightmapsBakeMode: 1
    m_TextureCompression: 1
    m_FinalGather: 0
    m_FinalGatherFiltering: 1
    m_FinalGatherRayCount: 256
    m_ReflectionCompression: 2
    m_MixedBakeMode: 2
    m_BakeBackend: 1
    m_PVRSampling: 1
    m_PVRDirectSampleCount: 32
    m_PVRSampleCount: 500
    m_PVRBounces: 2
    m_PVREnvironmentSampleCount: 500
    m_PVREnvironmentReferencePointCount: 2048
    m_PVRFilteringMode: 2
    m_PVRDenoiserTypeDirect: 0
    m_PVRDenoiserTypeIndirect: 0
    m_PVRDenoiserTypeAO: 0
    m_PVRFilterTypeDirect: 0
    m_PVRFilterTypeIndirect: 0
    m_PVRFilterTypeAO: 0
    m_PVREnvironmentMIS: 0
    m_PVRCulling: 1
    m_PVRFilteringGaussRadiusDirect: 1
    m_PVRFilteringGaussRadiusIndirect: 5
    m_PVRFilteringGaussRadiusAO: 2
    m_PVRFilteringAtrousPositionSigmaDirect: 0.5
    m_PVRFilteringAtrousPositionSigmaIndirect: 2
    m_PVRFilteringAtrousPositionSigmaAO: 1
    m_ExportTrainingData: 0
    m_TrainingDataDestination: TrainingData
    m_LightProbeSampleCountMultiplier: 4
  m_LightingDataAsset: {fileID: 0}
  m_LightingSettings: {fileID: 0}
--- !u!196 &4
NavMeshSettings:
  serializedVersion: 2
  m_ObjectHideFlags: 0
  m_BuildSettings:
    serializedVersion: 2
    agentTypeID: 0
    agentRadius: 0.5
    agentHeight: 1
    agentSlope: 45
    agentClimb: 0.4
    ledgeDropHeight: 0
    maxJumpAcrossDistance: 0.1666667
    minRegionArea: 0.3
    manualCellSize: 0
    cellSize: 0.16666667
    manualTileSize: 0
    tileSize: 256
    accuratePlacement: 0
    maxJobWorkers: 0
    preserveTilesOutsideBounds: 0
    debug:
      m_Flags: 0
  m_NavMeshData: {fileID: 23800000, guid: 5102d995ee187c04eaff7b1e92a30ace, type: 2}
--- !u!1001 &65124527
PrefabInstance:
  m_ObjectHideFlags: 0
  serializedVersion: 2
  m_Modification:
    m_TransformParent: {fileID: 1488593064}
    m_Modifications:
    - target: {fileID: 1162233364907603065, guid: f814b598059940642a1ea99651943314, type: 3}
      propertyPath: m_Name
      value: Obstacle9
      objectReference: {fileID: 0}
    - target: {fileID: 1162233364907603065, guid: f814b598059940642a1ea99651943314, type: 3}
      propertyPath: m_NavMeshLayer
      value: 1
      objectReference: {fileID: 0}
    - target: {fileID: 1162233364907603065, guid: f814b598059940642a1ea99651943314, type: 3}
      propertyPath: m_StaticEditorFlags
      value: 8
      objectReference: {fileID: 0}
    - target: {fileID: 3787681343010467663, guid: f814b598059940642a1ea99651943314, type: 3}
      propertyPath: m_RootOrder
      value: 8
      objectReference: {fileID: 0}
    - target: {fileID: 3787681343010467663, guid: f814b598059940642a1ea99651943314, type: 3}
      propertyPath: m_LocalScale.z
      value: 2
      objectReference: {fileID: 0}
    - target: {fileID: 3787681343010467663, guid: f814b598059940642a1ea99651943314, type: 3}
      propertyPath: m_LocalPosition.x
      value: 6.03
      objectReference: {fileID: 0}
    - target: {fileID: 3787681343010467663, guid: f814b598059940642a1ea99651943314, type: 3}
      propertyPath: m_LocalPosition.y
      value: 0.5
      objectReference: {fileID: 0}
    - target: {fileID: 3787681343010467663, guid: f814b598059940642a1ea99651943314, type: 3}
      propertyPath: m_LocalPosition.z
      value: -4.03
      objectReference: {fileID: 0}
    - target: {fileID: 3787681343010467663, guid: f814b598059940642a1ea99651943314, type: 3}
      propertyPath: m_LocalRotation.w
      value: 0.9998683
      objectReference: {fileID: 0}
    - target: {fileID: 3787681343010467663, guid: f814b598059940642a1ea99651943314, type: 3}
      propertyPath: m_LocalRotation.x
      value: 0
      objectReference: {fileID: 0}
    - target: {fileID: 3787681343010467663, guid: f814b598059940642a1ea99651943314, type: 3}
      propertyPath: m_LocalRotation.y
      value: -0.016230796
      objectReference: {fileID: 0}
    - target: {fileID: 3787681343010467663, guid: f814b598059940642a1ea99651943314, type: 3}
      propertyPath: m_LocalRotation.z
      value: 0
      objectReference: {fileID: 0}
    - target: {fileID: 3787681343010467663, guid: f814b598059940642a1ea99651943314, type: 3}
      propertyPath: m_LocalEulerAnglesHint.x
      value: 0
      objectReference: {fileID: 0}
    - target: {fileID: 3787681343010467663, guid: f814b598059940642a1ea99651943314, type: 3}
      propertyPath: m_LocalEulerAnglesHint.y
      value: -1.86
      objectReference: {fileID: 0}
    - target: {fileID: 3787681343010467663, guid: f814b598059940642a1ea99651943314, type: 3}
      propertyPath: m_LocalEulerAnglesHint.z
      value: 0
      objectReference: {fileID: 0}
    m_RemovedComponents: []
  m_SourcePrefab: {fileID: 100100000, guid: f814b598059940642a1ea99651943314, type: 3}
--- !u!4 &65124528 stripped
Transform:
  m_CorrespondingSourceObject: {fileID: 3787681343010467663, guid: f814b598059940642a1ea99651943314, type: 3}
  m_PrefabInstance: {fileID: 65124527}
  m_PrefabAsset: {fileID: 0}
--- !u!1001 &109449278
PrefabInstance:
  m_ObjectHideFlags: 0
  serializedVersion: 2
  m_Modification:
    m_TransformParent: {fileID: 1488593064}
    m_Modifications:
    - target: {fileID: 1162233364907603065, guid: f814b598059940642a1ea99651943314, type: 3}
      propertyPath: m_Name
      value: Obstacle6
      objectReference: {fileID: 0}
    - target: {fileID: 1162233364907603065, guid: f814b598059940642a1ea99651943314, type: 3}
      propertyPath: m_NavMeshLayer
      value: 1
      objectReference: {fileID: 0}
    - target: {fileID: 1162233364907603065, guid: f814b598059940642a1ea99651943314, type: 3}
      propertyPath: m_StaticEditorFlags
      value: 8
      objectReference: {fileID: 0}
    - target: {fileID: 3787681343010467663, guid: f814b598059940642a1ea99651943314, type: 3}
      propertyPath: m_RootOrder
      value: 5
      objectReference: {fileID: 0}
    - target: {fileID: 3787681343010467663, guid: f814b598059940642a1ea99651943314, type: 3}
      propertyPath: m_LocalScale.z
      value: 3
      objectReference: {fileID: 0}
    - target: {fileID: 3787681343010467663, guid: f814b598059940642a1ea99651943314, type: 3}
      propertyPath: m_LocalPosition.x
      value: -6.31
      objectReference: {fileID: 0}
    - target: {fileID: 3787681343010467663, guid: f814b598059940642a1ea99651943314, type: 3}
      propertyPath: m_LocalPosition.y
      value: 0.5
      objectReference: {fileID: 0}
    - target: {fileID: 3787681343010467663, guid: f814b598059940642a1ea99651943314, type: 3}
      propertyPath: m_LocalPosition.z
      value: -3.07
      objectReference: {fileID: 0}
    - target: {fileID: 3787681343010467663, guid: f814b598059940642a1ea99651943314, type: 3}
      propertyPath: m_LocalRotation.w
      value: 0.95143336
      objectReference: {fileID: 0}
    - target: {fileID: 3787681343010467663, guid: f814b598059940642a1ea99651943314, type: 3}
      propertyPath: m_LocalRotation.x
      value: 0
      objectReference: {fileID: 0}
    - target: {fileID: 3787681343010467663, guid: f814b598059940642a1ea99651943314, type: 3}
      propertyPath: m_LocalRotation.y
      value: -0.30785477
      objectReference: {fileID: 0}
    - target: {fileID: 3787681343010467663, guid: f814b598059940642a1ea99651943314, type: 3}
      propertyPath: m_LocalRotation.z
      value: 0
      objectReference: {fileID: 0}
    - target: {fileID: 3787681343010467663, guid: f814b598059940642a1ea99651943314, type: 3}
      propertyPath: m_LocalEulerAnglesHint.x
      value: 0
      objectReference: {fileID: 0}
    - target: {fileID: 3787681343010467663, guid: f814b598059940642a1ea99651943314, type: 3}
      propertyPath: m_LocalEulerAnglesHint.y
      value: -35.86
      objectReference: {fileID: 0}
    - target: {fileID: 3787681343010467663, guid: f814b598059940642a1ea99651943314, type: 3}
      propertyPath: m_LocalEulerAnglesHint.z
      value: 0
      objectReference: {fileID: 0}
    m_RemovedComponents: []
  m_SourcePrefab: {fileID: 100100000, guid: f814b598059940642a1ea99651943314, type: 3}
--- !u!4 &109449279 stripped
Transform:
  m_CorrespondingSourceObject: {fileID: 3787681343010467663, guid: f814b598059940642a1ea99651943314, type: 3}
  m_PrefabInstance: {fileID: 109449278}
  m_PrefabAsset: {fileID: 0}
--- !u!1001 &131193576
PrefabInstance:
  m_ObjectHideFlags: 0
  serializedVersion: 2
  m_Modification:
    m_TransformParent: {fileID: 1488593064}
    m_Modifications:
    - target: {fileID: 1162233364907603065, guid: f814b598059940642a1ea99651943314, type: 3}
      propertyPath: m_Name
      value: Obstacle10
      objectReference: {fileID: 0}
    - target: {fileID: 1162233364907603065, guid: f814b598059940642a1ea99651943314, type: 3}
      propertyPath: m_NavMeshLayer
      value: 1
      objectReference: {fileID: 0}
    - target: {fileID: 1162233364907603065, guid: f814b598059940642a1ea99651943314, type: 3}
      propertyPath: m_StaticEditorFlags
      value: 8
      objectReference: {fileID: 0}
    - target: {fileID: 3787681343010467663, guid: f814b598059940642a1ea99651943314, type: 3}
      propertyPath: m_RootOrder
      value: 9
      objectReference: {fileID: 0}
    - target: {fileID: 3787681343010467663, guid: f814b598059940642a1ea99651943314, type: 3}
      propertyPath: m_LocalScale.x
      value: 2
      objectReference: {fileID: 0}
    - target: {fileID: 3787681343010467663, guid: f814b598059940642a1ea99651943314, type: 3}
      propertyPath: m_LocalPosition.x
      value: 6.63
      objectReference: {fileID: 0}
    - target: {fileID: 3787681343010467663, guid: f814b598059940642a1ea99651943314, type: 3}
      propertyPath: m_LocalPosition.y
      value: 0.5
      objectReference: {fileID: 0}
    - target: {fileID: 3787681343010467663, guid: f814b598059940642a1ea99651943314, type: 3}
      propertyPath: m_LocalPosition.z
      value: 4.07
      objectReference: {fileID: 0}
    - target: {fileID: 3787681343010467663, guid: f814b598059940642a1ea99651943314, type: 3}
      propertyPath: m_LocalRotation.w
      value: 0.85104036
      objectReference: {fileID: 0}
    - target: {fileID: 3787681343010467663, guid: f814b598059940642a1ea99651943314, type: 3}
      propertyPath: m_LocalRotation.x
      value: 0
      objectReference: {fileID: 0}
    - target: {fileID: 3787681343010467663, guid: f814b598059940642a1ea99651943314, type: 3}
      propertyPath: m_LocalRotation.y
      value: 0.5251004
      objectReference: {fileID: 0}
    - target: {fileID: 3787681343010467663, guid: f814b598059940642a1ea99651943314, type: 3}
      propertyPath: m_LocalRotation.z
      value: 0
      objectReference: {fileID: 0}
    - target: {fileID: 3787681343010467663, guid: f814b598059940642a1ea99651943314, type: 3}
      propertyPath: m_LocalEulerAnglesHint.x
      value: 0
      objectReference: {fileID: 0}
    - target: {fileID: 3787681343010467663, guid: f814b598059940642a1ea99651943314, type: 3}
      propertyPath: m_LocalEulerAnglesHint.y
      value: 63.35
      objectReference: {fileID: 0}
    - target: {fileID: 3787681343010467663, guid: f814b598059940642a1ea99651943314, type: 3}
      propertyPath: m_LocalEulerAnglesHint.z
      value: 0
      objectReference: {fileID: 0}
    m_RemovedComponents: []
  m_SourcePrefab: {fileID: 100100000, guid: f814b598059940642a1ea99651943314, type: 3}
--- !u!4 &131193577 stripped
Transform:
  m_CorrespondingSourceObject: {fileID: 3787681343010467663, guid: f814b598059940642a1ea99651943314, type: 3}
  m_PrefabInstance: {fileID: 131193576}
  m_PrefabAsset: {fileID: 0}
--- !u!1001 &145548417
PrefabInstance:
  m_ObjectHideFlags: 0
  serializedVersion: 2
  m_Modification:
    m_TransformParent: {fileID: 1488593064}
    m_Modifications:
    - target: {fileID: 1162233364907603065, guid: f814b598059940642a1ea99651943314, type: 3}
      propertyPath: m_Name
      value: Obstacle5
      objectReference: {fileID: 0}
    - target: {fileID: 1162233364907603065, guid: f814b598059940642a1ea99651943314, type: 3}
      propertyPath: m_NavMeshLayer
      value: 1
      objectReference: {fileID: 0}
    - target: {fileID: 1162233364907603065, guid: f814b598059940642a1ea99651943314, type: 3}
      propertyPath: m_StaticEditorFlags
      value: 8
      objectReference: {fileID: 0}
    - target: {fileID: 3787681343010467663, guid: f814b598059940642a1ea99651943314, type: 3}
      propertyPath: m_RootOrder
      value: 4
      objectReference: {fileID: 0}
    - target: {fileID: 3787681343010467663, guid: f814b598059940642a1ea99651943314, type: 3}
      propertyPath: m_LocalScale.x
      value: 2
      objectReference: {fileID: 0}
    - target: {fileID: 3787681343010467663, guid: f814b598059940642a1ea99651943314, type: 3}
      propertyPath: m_LocalPosition.x
      value: -2.43
      objectReference: {fileID: 0}
    - target: {fileID: 3787681343010467663, guid: f814b598059940642a1ea99651943314, type: 3}
      propertyPath: m_LocalPosition.y
      value: 0.5
      objectReference: {fileID: 0}
    - target: {fileID: 3787681343010467663, guid: f814b598059940642a1ea99651943314, type: 3}
      propertyPath: m_LocalPosition.z
      value: 2.12
      objectReference: {fileID: 0}
    - target: {fileID: 3787681343010467663, guid: f814b598059940642a1ea99651943314, type: 3}
      propertyPath: m_LocalRotation.w
      value: 0.88286567
      objectReference: {fileID: 0}
    - target: {fileID: 3787681343010467663, guid: f814b598059940642a1ea99651943314, type: 3}
      propertyPath: m_LocalRotation.x
      value: 0
      objectReference: {fileID: 0}
    - target: {fileID: 3787681343010467663, guid: f814b598059940642a1ea99651943314, type: 3}
      propertyPath: m_LocalRotation.y
      value: 0.4696256
      objectReference: {fileID: 0}
    - target: {fileID: 3787681343010467663, guid: f814b598059940642a1ea99651943314, type: 3}
      propertyPath: m_LocalRotation.z
      value: 0
      objectReference: {fileID: 0}
    - target: {fileID: 3787681343010467663, guid: f814b598059940642a1ea99651943314, type: 3}
      propertyPath: m_LocalEulerAnglesHint.x
      value: 0
      objectReference: {fileID: 0}
    - target: {fileID: 3787681343010467663, guid: f814b598059940642a1ea99651943314, type: 3}
      propertyPath: m_LocalEulerAnglesHint.y
      value: 56.02
      objectReference: {fileID: 0}
    - target: {fileID: 3787681343010467663, guid: f814b598059940642a1ea99651943314, type: 3}
      propertyPath: m_LocalEulerAnglesHint.z
      value: 0
      objectReference: {fileID: 0}
    m_RemovedComponents: []
  m_SourcePrefab: {fileID: 100100000, guid: f814b598059940642a1ea99651943314, type: 3}
--- !u!4 &145548418 stripped
Transform:
  m_CorrespondingSourceObject: {fileID: 3787681343010467663, guid: f814b598059940642a1ea99651943314, type: 3}
  m_PrefabInstance: {fileID: 145548417}
  m_PrefabAsset: {fileID: 0}
--- !u!1001 &213259940
PrefabInstance:
  m_ObjectHideFlags: 0
  serializedVersion: 2
  m_Modification:
    m_TransformParent: {fileID: 1957239452}
    m_Modifications:
    - target: {fileID: 340378917343755720, guid: 5ac947180aa27ab44b3f3389edc04625, type: 3}
      propertyPath: m_Name
      value: Right
      objectReference: {fileID: 0}
    - target: {fileID: 340378917343755720, guid: 5ac947180aa27ab44b3f3389edc04625, type: 3}
      propertyPath: m_StaticEditorFlags
      value: 8
      objectReference: {fileID: 0}
    - target: {fileID: 5500330083661659366, guid: 5ac947180aa27ab44b3f3389edc04625, type: 3}
      propertyPath: m_RootOrder
      value: 1
      objectReference: {fileID: 0}
    - target: {fileID: 5500330083661659366, guid: 5ac947180aa27ab44b3f3389edc04625, type: 3}
      propertyPath: m_LocalScale.z
      value: 20
      objectReference: {fileID: 0}
    - target: {fileID: 5500330083661659366, guid: 5ac947180aa27ab44b3f3389edc04625, type: 3}
      propertyPath: m_LocalPosition.x
      value: 10
      objectReference: {fileID: 0}
    - target: {fileID: 5500330083661659366, guid: 5ac947180aa27ab44b3f3389edc04625, type: 3}
      propertyPath: m_LocalPosition.y
      value: 0.5
      objectReference: {fileID: 0}
    - target: {fileID: 5500330083661659366, guid: 5ac947180aa27ab44b3f3389edc04625, type: 3}
      propertyPath: m_LocalPosition.z
      value: 0
      objectReference: {fileID: 0}
    - target: {fileID: 5500330083661659366, guid: 5ac947180aa27ab44b3f3389edc04625, type: 3}
      propertyPath: m_LocalRotation.w
      value: 1
      objectReference: {fileID: 0}
    - target: {fileID: 5500330083661659366, guid: 5ac947180aa27ab44b3f3389edc04625, type: 3}
      propertyPath: m_LocalRotation.x
      value: 0
      objectReference: {fileID: 0}
    - target: {fileID: 5500330083661659366, guid: 5ac947180aa27ab44b3f3389edc04625, type: 3}
      propertyPath: m_LocalRotation.y
      value: 0
      objectReference: {fileID: 0}
    - target: {fileID: 5500330083661659366, guid: 5ac947180aa27ab44b3f3389edc04625, type: 3}
      propertyPath: m_LocalRotation.z
      value: 0
      objectReference: {fileID: 0}
    - target: {fileID: 5500330083661659366, guid: 5ac947180aa27ab44b3f3389edc04625, type: 3}
      propertyPath: m_LocalEulerAnglesHint.x
      value: 0
      objectReference: {fileID: 0}
    - target: {fileID: 5500330083661659366, guid: 5ac947180aa27ab44b3f3389edc04625, type: 3}
      propertyPath: m_LocalEulerAnglesHint.y
      value: 0
      objectReference: {fileID: 0}
    - target: {fileID: 5500330083661659366, guid: 5ac947180aa27ab44b3f3389edc04625, type: 3}
      propertyPath: m_LocalEulerAnglesHint.z
      value: 0
      objectReference: {fileID: 0}
    m_RemovedComponents: []
  m_SourcePrefab: {fileID: 100100000, guid: 5ac947180aa27ab44b3f3389edc04625, type: 3}
--- !u!4 &213259941 stripped
Transform:
  m_CorrespondingSourceObject: {fileID: 5500330083661659366, guid: 5ac947180aa27ab44b3f3389edc04625, type: 3}
  m_PrefabInstance: {fileID: 213259940}
  m_PrefabAsset: {fileID: 0}
--- !u!1 &238263584
GameObject:
  m_ObjectHideFlags: 0
  m_CorrespondingSourceObject: {fileID: 0}
  m_PrefabInstance: {fileID: 0}
  m_PrefabAsset: {fileID: 0}
  serializedVersion: 6
  m_Component:
  - component: {fileID: 238263585}
  m_Layer: 0
  m_Name: Bullets
  m_TagString: Untagged
  m_Icon: {fileID: 0}
  m_NavMeshLayer: 0
  m_StaticEditorFlags: 0
  m_IsActive: 1
--- !u!4 &238263585
Transform:
  m_ObjectHideFlags: 0
  m_CorrespondingSourceObject: {fileID: 0}
  m_PrefabInstance: {fileID: 0}
  m_PrefabAsset: {fileID: 0}
  m_GameObject: {fileID: 238263584}
  m_LocalRotation: {x: 0, y: 0, z: 0, w: 1}
  m_LocalPosition: {x: 0, y: 0, z: 0}
  m_LocalScale: {x: 1, y: 1, z: 1}
  m_ConstrainProportionsScale: 0
  m_Children: []
  m_Father: {fileID: 1150732126}
  m_RootOrder: 4
  m_LocalEulerAnglesHint: {x: 0, y: 0, z: 0}
--- !u!1001 &252284333
PrefabInstance:
  m_ObjectHideFlags: 0
  serializedVersion: 2
  m_Modification:
    m_TransformParent: {fileID: 1488593064}
    m_Modifications:
    - target: {fileID: 1162233364907603065, guid: f814b598059940642a1ea99651943314, type: 3}
      propertyPath: m_Name
      value: Obstacle7
      objectReference: {fileID: 0}
    - target: {fileID: 1162233364907603065, guid: f814b598059940642a1ea99651943314, type: 3}
      propertyPath: m_NavMeshLayer
      value: 1
      objectReference: {fileID: 0}
    - target: {fileID: 1162233364907603065, guid: f814b598059940642a1ea99651943314, type: 3}
      propertyPath: m_StaticEditorFlags
      value: 8
      objectReference: {fileID: 0}
    - target: {fileID: 3787681343010467663, guid: f814b598059940642a1ea99651943314, type: 3}
      propertyPath: m_RootOrder
      value: 6
      objectReference: {fileID: 0}
    - target: {fileID: 3787681343010467663, guid: f814b598059940642a1ea99651943314, type: 3}
      propertyPath: m_LocalScale.x
      value: 3
      objectReference: {fileID: 0}
    - target: {fileID: 3787681343010467663, guid: f814b598059940642a1ea99651943314, type: 3}
      propertyPath: m_LocalPosition.x
      value: 6.77
      objectReference: {fileID: 0}
    - target: {fileID: 3787681343010467663, guid: f814b598059940642a1ea99651943314, type: 3}
      propertyPath: m_LocalPosition.y
      value: 0.5
      objectReference: {fileID: 0}
    - target: {fileID: 3787681343010467663, guid: f814b598059940642a1ea99651943314, type: 3}
      propertyPath: m_LocalPosition.z
      value: -0.5
      objectReference: {fileID: 0}
    - target: {fileID: 3787681343010467663, guid: f814b598059940642a1ea99651943314, type: 3}
      propertyPath: m_LocalRotation.w
      value: 0.3293612
      objectReference: {fileID: 0}
    - target: {fileID: 3787681343010467663, guid: f814b598059940642a1ea99651943314, type: 3}
      propertyPath: m_LocalRotation.x
      value: 0
      objectReference: {fileID: 0}
    - target: {fileID: 3787681343010467663, guid: f814b598059940642a1ea99651943314, type: 3}
      propertyPath: m_LocalRotation.y
      value: -0.94420403
      objectReference: {fileID: 0}
    - target: {fileID: 3787681343010467663, guid: f814b598059940642a1ea99651943314, type: 3}
      propertyPath: m_LocalRotation.z
      value: 0
      objectReference: {fileID: 0}
    - target: {fileID: 3787681343010467663, guid: f814b598059940642a1ea99651943314, type: 3}
      propertyPath: m_LocalEulerAnglesHint.x
      value: 0
      objectReference: {fileID: 0}
    - target: {fileID: 3787681343010467663, guid: f814b598059940642a1ea99651943314, type: 3}
      propertyPath: m_LocalEulerAnglesHint.y
      value: -141.54
      objectReference: {fileID: 0}
    - target: {fileID: 3787681343010467663, guid: f814b598059940642a1ea99651943314, type: 3}
      propertyPath: m_LocalEulerAnglesHint.z
      value: 0
      objectReference: {fileID: 0}
    m_RemovedComponents: []
  m_SourcePrefab: {fileID: 100100000, guid: f814b598059940642a1ea99651943314, type: 3}
--- !u!4 &252284334 stripped
Transform:
  m_CorrespondingSourceObject: {fileID: 3787681343010467663, guid: f814b598059940642a1ea99651943314, type: 3}
  m_PrefabInstance: {fileID: 252284333}
  m_PrefabAsset: {fileID: 0}
--- !u!1001 &485130327
PrefabInstance:
  m_ObjectHideFlags: 0
  serializedVersion: 2
  m_Modification:
    m_TransformParent: {fileID: 1488593064}
    m_Modifications:
    - target: {fileID: 1162233364907603065, guid: f814b598059940642a1ea99651943314, type: 3}
      propertyPath: m_Name
      value: Obstacle2
      objectReference: {fileID: 0}
    - target: {fileID: 1162233364907603065, guid: f814b598059940642a1ea99651943314, type: 3}
      propertyPath: m_NavMeshLayer
      value: 1
      objectReference: {fileID: 0}
    - target: {fileID: 1162233364907603065, guid: f814b598059940642a1ea99651943314, type: 3}
      propertyPath: m_StaticEditorFlags
      value: 8
      objectReference: {fileID: 0}
    - target: {fileID: 3787681343010467663, guid: f814b598059940642a1ea99651943314, type: 3}
      propertyPath: m_RootOrder
      value: 1
      objectReference: {fileID: 0}
    - target: {fileID: 3787681343010467663, guid: f814b598059940642a1ea99651943314, type: 3}
      propertyPath: m_LocalPosition.x
      value: -2.43
      objectReference: {fileID: 0}
    - target: {fileID: 3787681343010467663, guid: f814b598059940642a1ea99651943314, type: 3}
      propertyPath: m_LocalPosition.y
      value: 0.5
      objectReference: {fileID: 0}
    - target: {fileID: 3787681343010467663, guid: f814b598059940642a1ea99651943314, type: 3}
      propertyPath: m_LocalPosition.z
      value: -1.77
      objectReference: {fileID: 0}
    - target: {fileID: 3787681343010467663, guid: f814b598059940642a1ea99651943314, type: 3}
      propertyPath: m_LocalRotation.w
      value: 0.9848078
      objectReference: {fileID: 0}
    - target: {fileID: 3787681343010467663, guid: f814b598059940642a1ea99651943314, type: 3}
      propertyPath: m_LocalRotation.x
      value: 0
      objectReference: {fileID: 0}
    - target: {fileID: 3787681343010467663, guid: f814b598059940642a1ea99651943314, type: 3}
      propertyPath: m_LocalRotation.y
      value: 0.17364816
      objectReference: {fileID: 0}
    - target: {fileID: 3787681343010467663, guid: f814b598059940642a1ea99651943314, type: 3}
      propertyPath: m_LocalRotation.z
      value: 0
      objectReference: {fileID: 0}
    - target: {fileID: 3787681343010467663, guid: f814b598059940642a1ea99651943314, type: 3}
      propertyPath: m_LocalEulerAnglesHint.x
      value: 0
      objectReference: {fileID: 0}
    - target: {fileID: 3787681343010467663, guid: f814b598059940642a1ea99651943314, type: 3}
      propertyPath: m_LocalEulerAnglesHint.y
      value: 20
      objectReference: {fileID: 0}
    - target: {fileID: 3787681343010467663, guid: f814b598059940642a1ea99651943314, type: 3}
      propertyPath: m_LocalEulerAnglesHint.z
      value: 0
      objectReference: {fileID: 0}
    m_RemovedComponents: []
  m_SourcePrefab: {fileID: 100100000, guid: f814b598059940642a1ea99651943314, type: 3}
--- !u!4 &485130328 stripped
Transform:
  m_CorrespondingSourceObject: {fileID: 3787681343010467663, guid: f814b598059940642a1ea99651943314, type: 3}
  m_PrefabInstance: {fileID: 485130327}
  m_PrefabAsset: {fileID: 0}
--- !u!1 &571126107
GameObject:
  m_ObjectHideFlags: 0
  m_CorrespondingSourceObject: {fileID: 0}
  m_PrefabInstance: {fileID: 0}
  m_PrefabAsset: {fileID: 0}
  serializedVersion: 6
  m_Component:
  - component: {fileID: 571126108}
  - component: {fileID: 571126110}
  - component: {fileID: 571126109}
  m_Layer: 0
  m_Name: EventSystem
  m_TagString: Untagged
  m_Icon: {fileID: 0}
  m_NavMeshLayer: 0
  m_StaticEditorFlags: 0
  m_IsActive: 1
--- !u!4 &571126108
Transform:
  m_ObjectHideFlags: 0
  m_CorrespondingSourceObject: {fileID: 0}
  m_PrefabInstance: {fileID: 0}
  m_PrefabAsset: {fileID: 0}
  m_GameObject: {fileID: 571126107}
  m_LocalRotation: {x: -0, y: -0, z: -0, w: 1}
  m_LocalPosition: {x: 0, y: 0, z: 0}
  m_LocalScale: {x: 1, y: 1, z: 1}
  m_ConstrainProportionsScale: 0
  m_Children: []
  m_Father: {fileID: 1911415354}
  m_RootOrder: 1
  m_LocalEulerAnglesHint: {x: 0, y: 0, z: 0}
--- !u!114 &571126109
MonoBehaviour:
  m_ObjectHideFlags: 0
  m_CorrespondingSourceObject: {fileID: 0}
  m_PrefabInstance: {fileID: 0}
  m_PrefabAsset: {fileID: 0}
  m_GameObject: {fileID: 571126107}
  m_Enabled: 1
  m_EditorHideFlags: 0
  m_Script: {fileID: 11500000, guid: 4f231c4fb786f3946a6b90b886c48677, type: 3}
  m_Name: 
  m_EditorClassIdentifier: 
  m_SendPointerHoverToParent: 1
  m_HorizontalAxis: Horizontal
  m_VerticalAxis: Vertical
  m_SubmitButton: Submit
  m_CancelButton: Cancel
  m_InputActionsPerSecond: 10
  m_RepeatDelay: 0.5
  m_ForceModuleActive: 0
--- !u!114 &571126110
MonoBehaviour:
  m_ObjectHideFlags: 0
  m_CorrespondingSourceObject: {fileID: 0}
  m_PrefabInstance: {fileID: 0}
  m_PrefabAsset: {fileID: 0}
  m_GameObject: {fileID: 571126107}
  m_Enabled: 1
  m_EditorHideFlags: 0
  m_Script: {fileID: 11500000, guid: 76c392e42b5098c458856cdf6ecaaaa1, type: 3}
  m_Name: 
  m_EditorClassIdentifier: 
  m_FirstSelected: {fileID: 0}
  m_sendNavigationEvents: 1
  m_DragThreshold: 10
--- !u!1 &705507993
GameObject:
  m_ObjectHideFlags: 0
  m_CorrespondingSourceObject: {fileID: 0}
  m_PrefabInstance: {fileID: 0}
  m_PrefabAsset: {fileID: 0}
  serializedVersion: 6
  m_Component:
  - component: {fileID: 705507995}
  - component: {fileID: 705507994}
  m_Layer: 0
  m_Name: Directional Light
  m_TagString: Untagged
  m_Icon: {fileID: 0}
  m_NavMeshLayer: 0
  m_StaticEditorFlags: 0
  m_IsActive: 1
--- !u!108 &705507994
Light:
  m_ObjectHideFlags: 0
  m_CorrespondingSourceObject: {fileID: 0}
  m_PrefabInstance: {fileID: 0}
  m_PrefabAsset: {fileID: 0}
  m_GameObject: {fileID: 705507993}
  m_Enabled: 1
  serializedVersion: 10
  m_Type: 1
  m_Shape: 0
  m_Color: {r: 1, g: 0.95686275, b: 0.8392157, a: 1}
  m_Intensity: 0.66
  m_Range: 10
  m_SpotAngle: 30
  m_InnerSpotAngle: 21.80208
  m_CookieSize: 10
  m_Shadows:
    m_Type: 2
    m_Resolution: -1
    m_CustomResolution: -1
    m_Strength: 1
    m_Bias: 0.05
    m_NormalBias: 0.4
    m_NearPlane: 0.2
    m_CullingMatrixOverride:
      e00: 1
      e01: 0
      e02: 0
      e03: 0
      e10: 0
      e11: 1
      e12: 0
      e13: 0
      e20: 0
      e21: 0
      e22: 1
      e23: 0
      e30: 0
      e31: 0
      e32: 0
      e33: 1
    m_UseCullingMatrixOverride: 0
  m_Cookie: {fileID: 0}
  m_DrawHalo: 0
  m_Flare: {fileID: 0}
  m_RenderMode: 0
  m_CullingMask:
    serializedVersion: 2
    m_Bits: 4294967295
  m_RenderingLayerMask: 1
  m_Lightmapping: 1
  m_LightShadowCasterMode: 0
  m_AreaSize: {x: 1, y: 1}
  m_BounceIntensity: 1
  m_ColorTemperature: 6570
  m_UseColorTemperature: 0
  m_BoundingSphereOverride: {x: 0, y: 0, z: 0, w: 0}
  m_UseBoundingSphereOverride: 0
  m_UseViewFrustumForShadowCasterCull: 1
  m_ShadowRadius: 0
  m_ShadowAngle: 0
--- !u!4 &705507995
Transform:
  m_ObjectHideFlags: 0
  m_CorrespondingSourceObject: {fileID: 0}
  m_PrefabInstance: {fileID: 0}
  m_PrefabAsset: {fileID: 0}
  m_GameObject: {fileID: 705507993}
  m_LocalRotation: {x: 0.40821788, y: -0.23456968, z: 0.10938163, w: 0.8754261}
  m_LocalPosition: {x: 0, y: 0, z: 0}
  m_LocalScale: {x: 1, y: 1, z: 1}
  m_ConstrainProportionsScale: 0
  m_Children: []
  m_Father: {fileID: 1150732126}
  m_RootOrder: 1
  m_LocalEulerAnglesHint: {x: 50, y: -30, z: 0}
--- !u!1001 &710632130
PrefabInstance:
  m_ObjectHideFlags: 0
  serializedVersion: 2
  m_Modification:
    m_TransformParent: {fileID: 1488593064}
    m_Modifications:
    - target: {fileID: 1162233364907603065, guid: f814b598059940642a1ea99651943314, type: 3}
      propertyPath: m_Name
      value: Obstacle3
      objectReference: {fileID: 0}
    - target: {fileID: 1162233364907603065, guid: f814b598059940642a1ea99651943314, type: 3}
      propertyPath: m_NavMeshLayer
      value: 1
      objectReference: {fileID: 0}
    - target: {fileID: 1162233364907603065, guid: f814b598059940642a1ea99651943314, type: 3}
      propertyPath: m_StaticEditorFlags
      value: 8
      objectReference: {fileID: 0}
    - target: {fileID: 3787681343010467663, guid: f814b598059940642a1ea99651943314, type: 3}
      propertyPath: m_RootOrder
      value: 2
      objectReference: {fileID: 0}
    - target: {fileID: 3787681343010467663, guid: f814b598059940642a1ea99651943314, type: 3}
      propertyPath: m_LocalScale.x
      value: 2
      objectReference: {fileID: 0}
    - target: {fileID: 3787681343010467663, guid: f814b598059940642a1ea99651943314, type: 3}
      propertyPath: m_LocalPosition.x
      value: 2.6
      objectReference: {fileID: 0}
    - target: {fileID: 3787681343010467663, guid: f814b598059940642a1ea99651943314, type: 3}
      propertyPath: m_LocalPosition.y
      value: 0.5
      objectReference: {fileID: 0}
    - target: {fileID: 3787681343010467663, guid: f814b598059940642a1ea99651943314, type: 3}
      propertyPath: m_LocalPosition.z
      value: -2.05
      objectReference: {fileID: 0}
    - target: {fileID: 3787681343010467663, guid: f814b598059940642a1ea99651943314, type: 3}
      propertyPath: m_LocalRotation.w
      value: 0.9861991
      objectReference: {fileID: 0}
    - target: {fileID: 3787681343010467663, guid: f814b598059940642a1ea99651943314, type: 3}
      propertyPath: m_LocalRotation.x
      value: 0
      objectReference: {fileID: 0}
    - target: {fileID: 3787681343010467663, guid: f814b598059940642a1ea99651943314, type: 3}
      propertyPath: m_LocalRotation.y
      value: -0.16556394
      objectReference: {fileID: 0}
    - target: {fileID: 3787681343010467663, guid: f814b598059940642a1ea99651943314, type: 3}
      propertyPath: m_LocalRotation.z
      value: 0
      objectReference: {fileID: 0}
    - target: {fileID: 3787681343010467663, guid: f814b598059940642a1ea99651943314, type: 3}
      propertyPath: m_LocalEulerAnglesHint.x
      value: 0
      objectReference: {fileID: 0}
    - target: {fileID: 3787681343010467663, guid: f814b598059940642a1ea99651943314, type: 3}
      propertyPath: m_LocalEulerAnglesHint.y
      value: -19.06
      objectReference: {fileID: 0}
    - target: {fileID: 3787681343010467663, guid: f814b598059940642a1ea99651943314, type: 3}
      propertyPath: m_LocalEulerAnglesHint.z
      value: 0
      objectReference: {fileID: 0}
    m_RemovedComponents: []
  m_SourcePrefab: {fileID: 100100000, guid: f814b598059940642a1ea99651943314, type: 3}
--- !u!4 &710632131 stripped
Transform:
  m_CorrespondingSourceObject: {fileID: 3787681343010467663, guid: f814b598059940642a1ea99651943314, type: 3}
  m_PrefabInstance: {fileID: 710632130}
  m_PrefabAsset: {fileID: 0}
--- !u!4 &728474687 stripped
Transform:
  m_CorrespondingSourceObject: {fileID: 8934226479107861290, guid: 1e1462e47ca8da14c8ddfaffb3b28128, type: 3}
  m_PrefabInstance: {fileID: 8934226478425919253}
  m_PrefabAsset: {fileID: 0}
--- !u!114 &728474691 stripped
MonoBehaviour:
  m_CorrespondingSourceObject: {fileID: 728474689, guid: 1e1462e47ca8da14c8ddfaffb3b28128, type: 3}
  m_PrefabInstance: {fileID: 8934226478425919253}
  m_PrefabAsset: {fileID: 0}
  m_GameObject: {fileID: 0}
  m_Enabled: 1
  m_EditorHideFlags: 0
  m_Script: {fileID: 11500000, guid: 8a93b319ac6534a4f8abfb4dc08685f2, type: 3}
  m_Name: 
  m_EditorClassIdentifier: 
--- !u!1 &731322244
GameObject:
  m_ObjectHideFlags: 0
  m_CorrespondingSourceObject: {fileID: 0}
  m_PrefabInstance: {fileID: 0}
  m_PrefabAsset: {fileID: 0}
  serializedVersion: 6
  m_Component:
  - component: {fileID: 731322245}
  - component: {fileID: 731322246}
  m_Layer: 0
  m_Name: EnemySpawner
  m_TagString: Untagged
  m_Icon: {fileID: 0}
  m_NavMeshLayer: 0
  m_StaticEditorFlags: 0
  m_IsActive: 1
--- !u!4 &731322245
Transform:
  m_ObjectHideFlags: 0
  m_CorrespondingSourceObject: {fileID: 0}
  m_PrefabInstance: {fileID: 0}
  m_PrefabAsset: {fileID: 0}
  m_GameObject: {fileID: 731322244}
  m_LocalRotation: {x: 0, y: 0, z: 0, w: 1}
  m_LocalPosition: {x: 0, y: 0, z: 0}
  m_LocalScale: {x: 1, y: 1, z: 1}
  m_ConstrainProportionsScale: 0
  m_Children: []
  m_Father: {fileID: 1911415354}
  m_RootOrder: 3
  m_LocalEulerAnglesHint: {x: 0, y: 0, z: 0}
--- !u!114 &731322246
MonoBehaviour:
  m_ObjectHideFlags: 0
  m_CorrespondingSourceObject: {fileID: 0}
  m_PrefabInstance: {fileID: 0}
  m_PrefabAsset: {fileID: 0}
  m_GameObject: {fileID: 731322244}
  m_Enabled: 1
  m_EditorHideFlags: 0
  m_Script: {fileID: 11500000, guid: eb875ae30c72b9f44b931822eefab239, type: 3}
  m_Name: 
  m_EditorClassIdentifier: 
  minSpawnAreaEdge: {fileID: 1922051926}
  maxSpawnAreaEdge: {fileID: 1341424490}
  enemyCount: 1
  parent: {fileID: 760335624}
--- !u!1 &745502394
GameObject:
  m_ObjectHideFlags: 0
  m_CorrespondingSourceObject: {fileID: 0}
  m_PrefabInstance: {fileID: 0}
  m_PrefabAsset: {fileID: 0}
  serializedVersion: 6
  m_Component:
  - component: {fileID: 745502395}
  - component: {fileID: 745502396}
  m_Layer: 0
  m_Name: PlayerInput
  m_TagString: Untagged
  m_Icon: {fileID: 0}
  m_NavMeshLayer: 0
  m_StaticEditorFlags: 0
  m_IsActive: 1
--- !u!4 &745502395
Transform:
  m_ObjectHideFlags: 0
  m_CorrespondingSourceObject: {fileID: 0}
  m_PrefabInstance: {fileID: 0}
  m_PrefabAsset: {fileID: 0}
  m_GameObject: {fileID: 745502394}
  m_LocalRotation: {x: 0, y: 0, z: 0, w: 1}
  m_LocalPosition: {x: 0, y: 0, z: 0}
  m_LocalScale: {x: 1, y: 1, z: 1}
  m_ConstrainProportionsScale: 0
  m_Children: []
  m_Father: {fileID: 1911415354}
  m_RootOrder: 2
  m_LocalEulerAnglesHint: {x: 0, y: 0, z: 0}
--- !u!114 &745502396
MonoBehaviour:
  m_ObjectHideFlags: 0
  m_CorrespondingSourceObject: {fileID: 0}
  m_PrefabInstance: {fileID: 0}
  m_PrefabAsset: {fileID: 0}
  m_GameObject: {fileID: 745502394}
  m_Enabled: 1
  m_EditorHideFlags: 0
  m_Script: {fileID: 11500000, guid: 62899f850307741f2a39c98a8b639597, type: 3}
  m_Name: 
  m_EditorClassIdentifier: 
  m_Actions: {fileID: -944628639613478452, guid: fb4d31388158c734c9ed6144bfeee4e1, type: 3}
  m_NotificationBehavior: 3
  m_UIInputModule: {fileID: 0}
  m_DeviceLostEvent:
    m_PersistentCalls:
      m_Calls: []
  m_DeviceRegainedEvent:
    m_PersistentCalls:
      m_Calls: []
  m_ControlsChangedEvent:
    m_PersistentCalls:
      m_Calls: []
  m_ActionEvents:
  - m_PersistentCalls:
      m_Calls: []
    m_ActionId: 5f199553-f2f9-4fc8-8ce7-9c44c4f5dcab
    m_ActionName: Player/Move
  m_NeverAutoSwitchControlSchemes: 0
  m_DefaultControlScheme: 
  m_DefaultActionMap: Player
  m_SplitScreenIndex: -1
  m_Camera: {fileID: 0}
--- !u!1 &760335623
GameObject:
  m_ObjectHideFlags: 0
  m_CorrespondingSourceObject: {fileID: 0}
  m_PrefabInstance: {fileID: 0}
  m_PrefabAsset: {fileID: 0}
  serializedVersion: 6
  m_Component:
  - component: {fileID: 760335624}
  m_Layer: 0
  m_Name: Enemies
  m_TagString: Untagged
  m_Icon: {fileID: 0}
  m_NavMeshLayer: 0
  m_StaticEditorFlags: 0
  m_IsActive: 1
--- !u!4 &760335624
Transform:
  m_ObjectHideFlags: 0
  m_CorrespondingSourceObject: {fileID: 0}
  m_PrefabInstance: {fileID: 0}
  m_PrefabAsset: {fileID: 0}
  m_GameObject: {fileID: 760335623}
  m_LocalRotation: {x: -0, y: -0, z: -0, w: 1}
  m_LocalPosition: {x: 0, y: 0, z: 0}
  m_LocalScale: {x: 1, y: 1, z: 1}
  m_ConstrainProportionsScale: 0
  m_Children: []
  m_Father: {fileID: 1953211996}
  m_RootOrder: 1
  m_LocalEulerAnglesHint: {x: 0, y: 0, z: 0}
--- !u!1 &963194225
GameObject:
  m_ObjectHideFlags: 0
  m_CorrespondingSourceObject: {fileID: 0}
  m_PrefabInstance: {fileID: 0}
  m_PrefabAsset: {fileID: 0}
  serializedVersion: 6
  m_Component:
  - component: {fileID: 963194228}
  - component: {fileID: 963194227}
  - component: {fileID: 963194226}
  m_Layer: 0
  m_Name: Camera
  m_TagString: MainCamera
  m_Icon: {fileID: 0}
  m_NavMeshLayer: 0
  m_StaticEditorFlags: 0
  m_IsActive: 1
--- !u!81 &963194226
AudioListener:
  m_ObjectHideFlags: 0
  m_CorrespondingSourceObject: {fileID: 0}
  m_PrefabInstance: {fileID: 0}
  m_PrefabAsset: {fileID: 0}
  m_GameObject: {fileID: 963194225}
  m_Enabled: 1
--- !u!20 &963194227
Camera:
  m_ObjectHideFlags: 0
  m_CorrespondingSourceObject: {fileID: 0}
  m_PrefabInstance: {fileID: 0}
  m_PrefabAsset: {fileID: 0}
  m_GameObject: {fileID: 963194225}
  m_Enabled: 1
  serializedVersion: 2
  m_ClearFlags: 1
  m_BackGroundColor: {r: 0.19215687, g: 0.3019608, b: 0.4745098, a: 0}
  m_projectionMatrixMode: 1
  m_GateFitMode: 2
  m_FOVAxisMode: 0
  m_SensorSize: {x: 36, y: 24}
  m_LensShift: {x: 0, y: 0}
  m_FocalLength: 50
  m_NormalizedViewPortRect:
    serializedVersion: 2
    x: 0
    y: 0
    width: 1
    height: 1
  near clip plane: 0.3
  far clip plane: 1000
  field of view: 60
  orthographic: 0
  orthographic size: 5
  m_Depth: -1
  m_CullingMask:
    serializedVersion: 2
    m_Bits: 4294967295
  m_RenderingPath: -1
  m_TargetTexture: {fileID: 0}
  m_TargetDisplay: 0
  m_TargetEye: 3
  m_HDR: 1
  m_AllowMSAA: 1
  m_AllowDynamicResolution: 0
  m_ForceIntoRT: 0
  m_OcclusionCulling: 1
  m_StereoConvergence: 10
  m_StereoSeparation: 0.022
--- !u!4 &963194228
Transform:
  m_ObjectHideFlags: 0
  m_CorrespondingSourceObject: {fileID: 0}
  m_PrefabInstance: {fileID: 0}
  m_PrefabAsset: {fileID: 0}
  m_GameObject: {fileID: 963194225}
  m_LocalRotation: {x: 0.7071068, y: 0, z: 0, w: 0.7071068}
  m_LocalPosition: {x: 0.22, y: 20.392, z: 0.2}
  m_LocalScale: {x: 1, y: 1, z: 1}
  m_ConstrainProportionsScale: 0
  m_Children: []
  m_Father: {fileID: 1150732126}
  m_RootOrder: 0
  m_LocalEulerAnglesHint: {x: 90, y: 0, z: 0}
--- !u!1 &986233836
GameObject:
  m_ObjectHideFlags: 0
  m_CorrespondingSourceObject: {fileID: 0}
  m_PrefabInstance: {fileID: 0}
  m_PrefabAsset: {fileID: 0}
  serializedVersion: 6
  m_Component:
  - component: {fileID: 986233837}
  m_Layer: 0
  m_Name: Level
  m_TagString: Untagged
  m_Icon: {fileID: 0}
  m_NavMeshLayer: 0
  m_StaticEditorFlags: 0
  m_IsActive: 1
--- !u!4 &986233837
Transform:
  m_ObjectHideFlags: 0
  m_CorrespondingSourceObject: {fileID: 0}
  m_PrefabInstance: {fileID: 0}
  m_PrefabAsset: {fileID: 0}
  m_GameObject: {fileID: 986233836}
  m_LocalRotation: {x: 0, y: 0, z: 0, w: 1}
  m_LocalPosition: {x: 0, y: 0, z: 0}
  m_LocalScale: {x: 1, y: 1, z: 1}
  m_ConstrainProportionsScale: 0
  m_Children:
  - {fileID: 1209409949}
  - {fileID: 1957239452}
  - {fileID: 1488593064}
  - {fileID: 1166070007}
  m_Father: {fileID: 1150732126}
  m_RootOrder: 2
  m_LocalEulerAnglesHint: {x: 0, y: 0, z: 0}
--- !u!1 &1150732125
GameObject:
  m_ObjectHideFlags: 0
  m_CorrespondingSourceObject: {fileID: 0}
  m_PrefabInstance: {fileID: 0}
  m_PrefabAsset: {fileID: 0}
  serializedVersion: 6
  m_Component:
  - component: {fileID: 1150732126}
  m_Layer: 0
  m_Name: '[SCENE]'
  m_TagString: Untagged
  m_Icon: {fileID: 0}
  m_NavMeshLayer: 0
  m_StaticEditorFlags: 0
  m_IsActive: 1
--- !u!4 &1150732126
Transform:
  m_ObjectHideFlags: 0
  m_CorrespondingSourceObject: {fileID: 0}
  m_PrefabInstance: {fileID: 0}
  m_PrefabAsset: {fileID: 0}
  m_GameObject: {fileID: 1150732125}
  m_LocalRotation: {x: 0, y: 0, z: 0, w: 1}
  m_LocalPosition: {x: 0, y: 0, z: 0}
  m_LocalScale: {x: 1, y: 1, z: 1}
  m_ConstrainProportionsScale: 0
  m_Children:
  - {fileID: 963194228}
  - {fileID: 705507995}
  - {fileID: 986233837}
  - {fileID: 1953211996}
  - {fileID: 238263585}
  m_Father: {fileID: 0}
  m_RootOrder: 0
  m_LocalEulerAnglesHint: {x: 0, y: 0, z: 0}
--- !u!1 &1166070006
GameObject:
  m_ObjectHideFlags: 0
  m_CorrespondingSourceObject: {fileID: 0}
  m_PrefabInstance: {fileID: 0}
  m_PrefabAsset: {fileID: 0}
  serializedVersion: 6
  m_Component:
  - component: {fileID: 1166070007}
  m_Layer: 0
  m_Name: EnemySpawnEdges
  m_TagString: Untagged
  m_Icon: {fileID: 0}
  m_NavMeshLayer: 0
  m_StaticEditorFlags: 0
  m_IsActive: 1
--- !u!4 &1166070007
Transform:
  m_ObjectHideFlags: 0
  m_CorrespondingSourceObject: {fileID: 0}
  m_PrefabInstance: {fileID: 0}
  m_PrefabAsset: {fileID: 0}
  m_GameObject: {fileID: 1166070006}
  m_LocalRotation: {x: -0, y: -0, z: -0, w: 1}
  m_LocalPosition: {x: 0, y: 0, z: 0}
  m_LocalScale: {x: 1, y: 1, z: 1}
  m_ConstrainProportionsScale: 0
  m_Children:
  - {fileID: 1922051926}
  - {fileID: 1341424490}
  m_Father: {fileID: 986233837}
  m_RootOrder: 3
  m_LocalEulerAnglesHint: {x: 0, y: 0, z: 0}
--- !u!1 &1209409948
GameObject:
  m_ObjectHideFlags: 0
  m_CorrespondingSourceObject: {fileID: 0}
  m_PrefabInstance: {fileID: 0}
  m_PrefabAsset: {fileID: 0}
  serializedVersion: 6
  m_Component:
  - component: {fileID: 1209409949}
  - component: {fileID: 1209409952}
  - component: {fileID: 1209409951}
  - component: {fileID: 1209409950}
  m_Layer: 0
  m_Name: Ground
  m_TagString: Ground
  m_Icon: {fileID: 0}
  m_NavMeshLayer: 0
  m_StaticEditorFlags: 8
  m_IsActive: 1
--- !u!4 &1209409949
Transform:
  m_ObjectHideFlags: 0
  m_CorrespondingSourceObject: {fileID: 0}
  m_PrefabInstance: {fileID: 0}
  m_PrefabAsset: {fileID: 0}
  m_GameObject: {fileID: 1209409948}
  m_LocalRotation: {x: -0, y: -0, z: -0, w: 1}
  m_LocalPosition: {x: 0, y: 0, z: 0}
  m_LocalScale: {x: 2, y: 1, z: 2}
  m_ConstrainProportionsScale: 0
  m_Children: []
  m_Father: {fileID: 986233837}
  m_RootOrder: 0
  m_LocalEulerAnglesHint: {x: 0, y: 0, z: 0}
--- !u!64 &1209409950
MeshCollider:
  m_ObjectHideFlags: 0
  m_CorrespondingSourceObject: {fileID: 0}
  m_PrefabInstance: {fileID: 0}
  m_PrefabAsset: {fileID: 0}
  m_GameObject: {fileID: 1209409948}
  m_Material: {fileID: 0}
  m_IsTrigger: 0
  m_Enabled: 1
  serializedVersion: 4
  m_Convex: 0
  m_CookingOptions: 30
  m_Mesh: {fileID: 10209, guid: 0000000000000000e000000000000000, type: 0}
--- !u!23 &1209409951
MeshRenderer:
  m_ObjectHideFlags: 0
  m_CorrespondingSourceObject: {fileID: 0}
  m_PrefabInstance: {fileID: 0}
  m_PrefabAsset: {fileID: 0}
  m_GameObject: {fileID: 1209409948}
  m_Enabled: 1
  m_CastShadows: 1
  m_ReceiveShadows: 1
  m_DynamicOccludee: 1
  m_StaticShadowCaster: 0
  m_MotionVectors: 1
  m_LightProbeUsage: 1
  m_ReflectionProbeUsage: 1
  m_RayTracingMode: 2
  m_RayTraceProcedural: 0
  m_RenderingLayerMask: 1
  m_RendererPriority: 0
  m_Materials:
  - {fileID: 2100000, guid: 79bb1b1ec83757646beaf79cb609361a, type: 2}
  m_StaticBatchInfo:
    firstSubMesh: 0
    subMeshCount: 0
  m_StaticBatchRoot: {fileID: 0}
  m_ProbeAnchor: {fileID: 0}
  m_LightProbeVolumeOverride: {fileID: 0}
  m_ScaleInLightmap: 1
  m_ReceiveGI: 1
  m_PreserveUVs: 0
  m_IgnoreNormalsForChartDetection: 0
  m_ImportantGI: 0
  m_StitchLightmapSeams: 1
  m_SelectedEditorRenderState: 3
  m_MinimumChartSize: 4
  m_AutoUVMaxDistance: 0.5
  m_AutoUVMaxAngle: 89
  m_LightmapParameters: {fileID: 0}
  m_SortingLayerID: 0
  m_SortingLayer: 0
  m_SortingOrder: 0
  m_AdditionalVertexStreams: {fileID: 0}
--- !u!33 &1209409952
MeshFilter:
  m_ObjectHideFlags: 0
  m_CorrespondingSourceObject: {fileID: 0}
  m_PrefabInstance: {fileID: 0}
  m_PrefabAsset: {fileID: 0}
  m_GameObject: {fileID: 1209409948}
  m_Mesh: {fileID: 10209, guid: 0000000000000000e000000000000000, type: 0}
--- !u!1001 &1230282543
PrefabInstance:
  m_ObjectHideFlags: 0
  serializedVersion: 2
  m_Modification:
    m_TransformParent: {fileID: 1488593064}
    m_Modifications:
    - target: {fileID: 1162233364907603065, guid: f814b598059940642a1ea99651943314, type: 3}
      propertyPath: m_Name
      value: Obstacle12
      objectReference: {fileID: 0}
    - target: {fileID: 1162233364907603065, guid: f814b598059940642a1ea99651943314, type: 3}
      propertyPath: m_NavMeshLayer
      value: 1
      objectReference: {fileID: 0}
    - target: {fileID: 1162233364907603065, guid: f814b598059940642a1ea99651943314, type: 3}
      propertyPath: m_StaticEditorFlags
      value: 8
      objectReference: {fileID: 0}
    - target: {fileID: 3787681343010467663, guid: f814b598059940642a1ea99651943314, type: 3}
      propertyPath: m_RootOrder
      value: 11
      objectReference: {fileID: 0}
    - target: {fileID: 3787681343010467663, guid: f814b598059940642a1ea99651943314, type: 3}
      propertyPath: m_LocalScale.x
      value: 2
      objectReference: {fileID: 0}
    - target: {fileID: 3787681343010467663, guid: f814b598059940642a1ea99651943314, type: 3}
      propertyPath: m_LocalPosition.x
      value: 3.42
      objectReference: {fileID: 0}
    - target: {fileID: 3787681343010467663, guid: f814b598059940642a1ea99651943314, type: 3}
      propertyPath: m_LocalPosition.y
      value: 0.5
      objectReference: {fileID: 0}
    - target: {fileID: 3787681343010467663, guid: f814b598059940642a1ea99651943314, type: 3}
      propertyPath: m_LocalPosition.z
      value: -5.99
      objectReference: {fileID: 0}
    - target: {fileID: 3787681343010467663, guid: f814b598059940642a1ea99651943314, type: 3}
      propertyPath: m_LocalRotation.w
      value: 0.7761565
      objectReference: {fileID: 0}
    - target: {fileID: 3787681343010467663, guid: f814b598059940642a1ea99651943314, type: 3}
      propertyPath: m_LocalRotation.x
      value: 0
      objectReference: {fileID: 0}
    - target: {fileID: 3787681343010467663, guid: f814b598059940642a1ea99651943314, type: 3}
      propertyPath: m_LocalRotation.y
      value: -0.63054043
      objectReference: {fileID: 0}
    - target: {fileID: 3787681343010467663, guid: f814b598059940642a1ea99651943314, type: 3}
      propertyPath: m_LocalRotation.z
      value: 0
      objectReference: {fileID: 0}
    - target: {fileID: 3787681343010467663, guid: f814b598059940642a1ea99651943314, type: 3}
      propertyPath: m_LocalEulerAnglesHint.x
      value: 0
      objectReference: {fileID: 0}
    - target: {fileID: 3787681343010467663, guid: f814b598059940642a1ea99651943314, type: 3}
      propertyPath: m_LocalEulerAnglesHint.y
      value: -78.18
      objectReference: {fileID: 0}
    - target: {fileID: 3787681343010467663, guid: f814b598059940642a1ea99651943314, type: 3}
      propertyPath: m_LocalEulerAnglesHint.z
      value: 0
      objectReference: {fileID: 0}
    m_RemovedComponents: []
  m_SourcePrefab: {fileID: 100100000, guid: f814b598059940642a1ea99651943314, type: 3}
--- !u!4 &1230282544 stripped
Transform:
  m_CorrespondingSourceObject: {fileID: 3787681343010467663, guid: f814b598059940642a1ea99651943314, type: 3}
  m_PrefabInstance: {fileID: 1230282543}
  m_PrefabAsset: {fileID: 0}
--- !u!1 &1341424489
GameObject:
  m_ObjectHideFlags: 0
  m_CorrespondingSourceObject: {fileID: 0}
  m_PrefabInstance: {fileID: 0}
  m_PrefabAsset: {fileID: 0}
  serializedVersion: 6
  m_Component:
  - component: {fileID: 1341424490}
  m_Layer: 0
  m_Name: Max
  m_TagString: Untagged
  m_Icon: {fileID: 0}
  m_NavMeshLayer: 0
  m_StaticEditorFlags: 0
  m_IsActive: 1
--- !u!4 &1341424490
Transform:
  m_ObjectHideFlags: 0
  m_CorrespondingSourceObject: {fileID: 0}
  m_PrefabInstance: {fileID: 0}
  m_PrefabAsset: {fileID: 0}
  m_GameObject: {fileID: 1341424489}
  m_LocalRotation: {x: 0, y: 0, z: 0, w: 1}
  m_LocalPosition: {x: 8.83, y: 0.5, z: 8.97}
  m_LocalScale: {x: 1, y: 1, z: 1}
  m_ConstrainProportionsScale: 0
  m_Children: []
  m_Father: {fileID: 1166070007}
  m_RootOrder: 1
  m_LocalEulerAnglesHint: {x: 0, y: 0, z: 0}
--- !u!1 &1488593063
GameObject:
  m_ObjectHideFlags: 0
  m_CorrespondingSourceObject: {fileID: 0}
  m_PrefabInstance: {fileID: 0}
  m_PrefabAsset: {fileID: 0}
  serializedVersion: 6
  m_Component:
  - component: {fileID: 1488593064}
  m_Layer: 0
  m_Name: Obstacles
  m_TagString: Untagged
  m_Icon: {fileID: 0}
  m_NavMeshLayer: 0
  m_StaticEditorFlags: 0
  m_IsActive: 1
--- !u!4 &1488593064
Transform:
  m_ObjectHideFlags: 0
  m_CorrespondingSourceObject: {fileID: 0}
  m_PrefabInstance: {fileID: 0}
  m_PrefabAsset: {fileID: 0}
  m_GameObject: {fileID: 1488593063}
  m_LocalRotation: {x: 0, y: 0, z: 0, w: 1}
  m_LocalPosition: {x: 0, y: 0, z: 0}
  m_LocalScale: {x: 1, y: 1, z: 1}
  m_ConstrainProportionsScale: 0
  m_Children:
  - {fileID: 592020865208344999}
  - {fileID: 485130328}
  - {fileID: 710632131}
  - {fileID: 1769795238}
  - {fileID: 145548418}
  - {fileID: 109449279}
  - {fileID: 252284334}
  - {fileID: 1856107036}
  - {fileID: 65124528}
  - {fileID: 131193577}
  - {fileID: 2052285258}
  - {fileID: 1230282544}
  m_Father: {fileID: 986233837}
  m_RootOrder: 2
  m_LocalEulerAnglesHint: {x: 0, y: 0, z: 0}
--- !u!1 &1524661389
GameObject:
  m_ObjectHideFlags: 0
  m_CorrespondingSourceObject: {fileID: 0}
  m_PrefabInstance: {fileID: 0}
  m_PrefabAsset: {fileID: 0}
  serializedVersion: 6
  m_Component:
  - component: {fileID: 1524661390}
  - component: {fileID: 1524661392}
  - component: {fileID: 1524661391}
  m_Layer: 0
  m_Name: SceneContext
  m_TagString: Untagged
  m_Icon: {fileID: 0}
  m_NavMeshLayer: 0
  m_StaticEditorFlags: 0
  m_IsActive: 1
--- !u!4 &1524661390
Transform:
  m_ObjectHideFlags: 0
  m_CorrespondingSourceObject: {fileID: 0}
  m_PrefabInstance: {fileID: 0}
  m_PrefabAsset: {fileID: 0}
  m_GameObject: {fileID: 1524661389}
  m_LocalRotation: {x: -0, y: -0, z: -0, w: 1}
  m_LocalPosition: {x: 0, y: 0, z: 0}
  m_LocalScale: {x: 1, y: 1, z: 1}
  m_ConstrainProportionsScale: 0
  m_Children: []
  m_Father: {fileID: 1911415354}
  m_RootOrder: 0
  m_LocalEulerAnglesHint: {x: 0, y: 0, z: 0}
--- !u!114 &1524661391
MonoBehaviour:
  m_ObjectHideFlags: 0
  m_CorrespondingSourceObject: {fileID: 0}
  m_PrefabInstance: {fileID: 0}
  m_PrefabAsset: {fileID: 0}
  m_GameObject: {fileID: 1524661389}
  m_Enabled: 1
  m_EditorHideFlags: 0
  m_Script: {fileID: 11500000, guid: 81038f86dac00114b8234465e8f38abe, type: 3}
  m_Name: 
  m_EditorClassIdentifier: 
  playerInput: {fileID: 745502396}
  player: {fileID: 728474691}
  enemyPrefab: {fileID: 4387213809020440414, guid: 0a781dce548f477499b7b7da4a8935e3, type: 3}
  navMeshAgentsRoot: {fileID: 760335624}
  charactersRoot: {fileID: 1953211996}
  bulletsRoot: {fileID: 238263585}
--- !u!114 &1524661392
MonoBehaviour:
  m_ObjectHideFlags: 0
  m_CorrespondingSourceObject: {fileID: 0}
  m_PrefabInstance: {fileID: 0}
  m_PrefabAsset: {fileID: 0}
  m_GameObject: {fileID: 1524661389}
  m_Enabled: 1
  m_EditorHideFlags: 0
  m_Script: {fileID: 11500000, guid: 89715ad69b973a14899afa2c6730b30b, type: 3}
  m_Name: 
  m_EditorClassIdentifier: 
  _scriptableObjectInstallers: []
  _monoInstallers:
  - {fileID: 1524661391}
  _installerPrefabs: []
  _autoRun: 1
  OnPreInstall:
    m_PersistentCalls:
      m_Calls: []
  OnPostInstall:
    m_PersistentCalls:
      m_Calls: []
  OnPreResolve:
    m_PersistentCalls:
      m_Calls: []
  OnPostResolve:
    m_PersistentCalls:
      m_Calls: []
  _parentNewObjectsUnderSceneContext: 0
  _contractNames: []
  _parentContractNames: []
--- !u!1 &1622697998
GameObject:
  m_ObjectHideFlags: 0
  m_CorrespondingSourceObject: {fileID: 0}
  m_PrefabInstance: {fileID: 0}
  m_PrefabAsset: {fileID: 0}
  serializedVersion: 6
  m_Component:
  - component: {fileID: 1622698002}
  - component: {fileID: 1622698001}
  - component: {fileID: 1622698000}
  - component: {fileID: 1622697999}
  m_Layer: 5
  m_Name: '[UI]'
  m_TagString: Untagged
  m_Icon: {fileID: 0}
  m_NavMeshLayer: 0
  m_StaticEditorFlags: 0
  m_IsActive: 1
--- !u!114 &1622697999
MonoBehaviour:
  m_ObjectHideFlags: 0
  m_CorrespondingSourceObject: {fileID: 0}
  m_PrefabInstance: {fileID: 0}
  m_PrefabAsset: {fileID: 0}
  m_GameObject: {fileID: 1622697998}
  m_Enabled: 1
  m_EditorHideFlags: 0
  m_Script: {fileID: 11500000, guid: dc42784cf147c0c48a680349fa168899, type: 3}
  m_Name: 
  m_EditorClassIdentifier: 
  m_IgnoreReversedGraphics: 1
  m_BlockingObjects: 0
  m_BlockingMask:
    serializedVersion: 2
    m_Bits: 4294967295
--- !u!114 &1622698000
MonoBehaviour:
  m_ObjectHideFlags: 0
  m_CorrespondingSourceObject: {fileID: 0}
  m_PrefabInstance: {fileID: 0}
  m_PrefabAsset: {fileID: 0}
  m_GameObject: {fileID: 1622697998}
  m_Enabled: 1
  m_EditorHideFlags: 0
  m_Script: {fileID: 11500000, guid: 0cd44c1031e13a943bb63640046fad76, type: 3}
  m_Name: 
  m_EditorClassIdentifier: 
  m_UiScaleMode: 0
  m_ReferencePixelsPerUnit: 100
  m_ScaleFactor: 1
  m_ReferenceResolution: {x: 800, y: 600}
  m_ScreenMatchMode: 0
  m_MatchWidthOrHeight: 0
  m_PhysicalUnit: 3
  m_FallbackScreenDPI: 96
  m_DefaultSpriteDPI: 96
  m_DynamicPixelsPerUnit: 1
  m_PresetInfoIsWorld: 0
--- !u!223 &1622698001
Canvas:
  m_ObjectHideFlags: 0
  m_CorrespondingSourceObject: {fileID: 0}
  m_PrefabInstance: {fileID: 0}
  m_PrefabAsset: {fileID: 0}
  m_GameObject: {fileID: 1622697998}
  m_Enabled: 1
  serializedVersion: 3
  m_RenderMode: 0
  m_Camera: {fileID: 963194227}
  m_PlaneDistance: 100
  m_PixelPerfect: 0
  m_ReceivesEvents: 1
  m_OverrideSorting: 0
  m_OverridePixelPerfect: 0
  m_SortingBucketNormalizedSize: 0
  m_AdditionalShaderChannelsFlag: 0
  m_SortingLayerID: 0
  m_SortingOrder: 0
  m_TargetDisplay: 0
--- !u!224 &1622698002
RectTransform:
  m_ObjectHideFlags: 0
  m_CorrespondingSourceObject: {fileID: 0}
  m_PrefabInstance: {fileID: 0}
  m_PrefabAsset: {fileID: 0}
  m_GameObject: {fileID: 1622697998}
  m_LocalRotation: {x: 0, y: 0, z: 0, w: 1}
  m_LocalPosition: {x: 0, y: 0, z: 0}
  m_LocalScale: {x: 0, y: 0, z: 0}
  m_ConstrainProportionsScale: 0
  m_Children:
  - {fileID: 7994729575447672574}
  m_Father: {fileID: 0}
  m_RootOrder: 2
  m_LocalEulerAnglesHint: {x: 0, y: 0, z: 0}
  m_AnchorMin: {x: 0, y: 0}
  m_AnchorMax: {x: 0, y: 0}
  m_AnchoredPosition: {x: 0, y: 0}
  m_SizeDelta: {x: 0, y: 0}
  m_Pivot: {x: 0, y: 0}
--- !u!1001 &1769795237
PrefabInstance:
  m_ObjectHideFlags: 0
  serializedVersion: 2
  m_Modification:
    m_TransformParent: {fileID: 1488593064}
    m_Modifications:
    - target: {fileID: 1162233364907603065, guid: f814b598059940642a1ea99651943314, type: 3}
      propertyPath: m_Name
      value: Obstacle4
      objectReference: {fileID: 0}
    - target: {fileID: 1162233364907603065, guid: f814b598059940642a1ea99651943314, type: 3}
      propertyPath: m_NavMeshLayer
      value: 1
      objectReference: {fileID: 0}
    - target: {fileID: 1162233364907603065, guid: f814b598059940642a1ea99651943314, type: 3}
      propertyPath: m_StaticEditorFlags
      value: 8
      objectReference: {fileID: 0}
    - target: {fileID: 3787681343010467663, guid: f814b598059940642a1ea99651943314, type: 3}
      propertyPath: m_RootOrder
      value: 3
      objectReference: {fileID: 0}
    - target: {fileID: 3787681343010467663, guid: f814b598059940642a1ea99651943314, type: 3}
      propertyPath: m_LocalScale.x
      value: 2
      objectReference: {fileID: 0}
    - target: {fileID: 3787681343010467663, guid: f814b598059940642a1ea99651943314, type: 3}
      propertyPath: m_LocalScale.z
      value: 2
      objectReference: {fileID: 0}
    - target: {fileID: 3787681343010467663, guid: f814b598059940642a1ea99651943314, type: 3}
      propertyPath: m_LocalPosition.x
      value: 2.5
      objectReference: {fileID: 0}
    - target: {fileID: 3787681343010467663, guid: f814b598059940642a1ea99651943314, type: 3}
      propertyPath: m_LocalPosition.y
      value: 0.5
      objectReference: {fileID: 0}
    - target: {fileID: 3787681343010467663, guid: f814b598059940642a1ea99651943314, type: 3}
      propertyPath: m_LocalPosition.z
      value: 1.84
      objectReference: {fileID: 0}
    - target: {fileID: 3787681343010467663, guid: f814b598059940642a1ea99651943314, type: 3}
      propertyPath: m_LocalRotation.w
      value: 0.8593172
      objectReference: {fileID: 0}
    - target: {fileID: 3787681343010467663, guid: f814b598059940642a1ea99651943314, type: 3}
      propertyPath: m_LocalRotation.x
      value: 0
      objectReference: {fileID: 0}
    - target: {fileID: 3787681343010467663, guid: f814b598059940642a1ea99651943314, type: 3}
      propertyPath: m_LocalRotation.y
      value: -0.51144314
      objectReference: {fileID: 0}
    - target: {fileID: 3787681343010467663, guid: f814b598059940642a1ea99651943314, type: 3}
      propertyPath: m_LocalRotation.z
      value: 0
      objectReference: {fileID: 0}
    - target: {fileID: 3787681343010467663, guid: f814b598059940642a1ea99651943314, type: 3}
      propertyPath: m_LocalEulerAnglesHint.x
      value: 0
      objectReference: {fileID: 0}
    - target: {fileID: 3787681343010467663, guid: f814b598059940642a1ea99651943314, type: 3}
      propertyPath: m_LocalEulerAnglesHint.y
      value: -61.52
      objectReference: {fileID: 0}
    - target: {fileID: 3787681343010467663, guid: f814b598059940642a1ea99651943314, type: 3}
      propertyPath: m_LocalEulerAnglesHint.z
      value: 0
      objectReference: {fileID: 0}
    m_RemovedComponents: []
  m_SourcePrefab: {fileID: 100100000, guid: f814b598059940642a1ea99651943314, type: 3}
--- !u!4 &1769795238 stripped
Transform:
  m_CorrespondingSourceObject: {fileID: 3787681343010467663, guid: f814b598059940642a1ea99651943314, type: 3}
  m_PrefabInstance: {fileID: 1769795237}
  m_PrefabAsset: {fileID: 0}
--- !u!1001 &1856107035
PrefabInstance:
  m_ObjectHideFlags: 0
  serializedVersion: 2
  m_Modification:
    m_TransformParent: {fileID: 1488593064}
    m_Modifications:
    - target: {fileID: 1162233364907603065, guid: f814b598059940642a1ea99651943314, type: 3}
      propertyPath: m_Name
      value: Obstacle8
      objectReference: {fileID: 0}
    - target: {fileID: 1162233364907603065, guid: f814b598059940642a1ea99651943314, type: 3}
      propertyPath: m_NavMeshLayer
      value: 1
      objectReference: {fileID: 0}
    - target: {fileID: 1162233364907603065, guid: f814b598059940642a1ea99651943314, type: 3}
      propertyPath: m_StaticEditorFlags
      value: 8
      objectReference: {fileID: 0}
    - target: {fileID: 3787681343010467663, guid: f814b598059940642a1ea99651943314, type: 3}
      propertyPath: m_RootOrder
      value: 7
      objectReference: {fileID: 0}
    - target: {fileID: 3787681343010467663, guid: f814b598059940642a1ea99651943314, type: 3}
      propertyPath: m_LocalScale.x
      value: 2
      objectReference: {fileID: 0}
    - target: {fileID: 3787681343010467663, guid: f814b598059940642a1ea99651943314, type: 3}
      propertyPath: m_LocalPosition.x
      value: -6.51
      objectReference: {fileID: 0}
    - target: {fileID: 3787681343010467663, guid: f814b598059940642a1ea99651943314, type: 3}
      propertyPath: m_LocalPosition.y
      value: 0.5
      objectReference: {fileID: 0}
    - target: {fileID: 3787681343010467663, guid: f814b598059940642a1ea99651943314, type: 3}
      propertyPath: m_LocalPosition.z
      value: 3.17
      objectReference: {fileID: 0}
    - target: {fileID: 3787681343010467663, guid: f814b598059940642a1ea99651943314, type: 3}
      propertyPath: m_LocalRotation.w
      value: 0.9314692
      objectReference: {fileID: 0}
    - target: {fileID: 3787681343010467663, guid: f814b598059940642a1ea99651943314, type: 3}
      propertyPath: m_LocalRotation.x
      value: 0
      objectReference: {fileID: 0}
    - target: {fileID: 3787681343010467663, guid: f814b598059940642a1ea99651943314, type: 3}
      propertyPath: m_LocalRotation.y
      value: 0.36382025
      objectReference: {fileID: 0}
    - target: {fileID: 3787681343010467663, guid: f814b598059940642a1ea99651943314, type: 3}
      propertyPath: m_LocalRotation.z
      value: 0
      objectReference: {fileID: 0}
    - target: {fileID: 3787681343010467663, guid: f814b598059940642a1ea99651943314, type: 3}
      propertyPath: m_LocalEulerAnglesHint.x
      value: 0
      objectReference: {fileID: 0}
    - target: {fileID: 3787681343010467663, guid: f814b598059940642a1ea99651943314, type: 3}
      propertyPath: m_LocalEulerAnglesHint.y
      value: 42.67
      objectReference: {fileID: 0}
    - target: {fileID: 3787681343010467663, guid: f814b598059940642a1ea99651943314, type: 3}
      propertyPath: m_LocalEulerAnglesHint.z
      value: 0
      objectReference: {fileID: 0}
    m_RemovedComponents: []
  m_SourcePrefab: {fileID: 100100000, guid: f814b598059940642a1ea99651943314, type: 3}
--- !u!4 &1856107036 stripped
Transform:
  m_CorrespondingSourceObject: {fileID: 3787681343010467663, guid: f814b598059940642a1ea99651943314, type: 3}
  m_PrefabInstance: {fileID: 1856107035}
  m_PrefabAsset: {fileID: 0}
--- !u!1 &1911415352
GameObject:
  m_ObjectHideFlags: 0
  m_CorrespondingSourceObject: {fileID: 0}
  m_PrefabInstance: {fileID: 0}
  m_PrefabAsset: {fileID: 0}
  serializedVersion: 6
  m_Component:
  - component: {fileID: 1911415354}
  m_Layer: 0
  m_Name: '[SYSTEM]'
  m_TagString: Untagged
  m_Icon: {fileID: 0}
  m_NavMeshLayer: 0
  m_StaticEditorFlags: 0
  m_IsActive: 1
--- !u!4 &1911415354
Transform:
  m_ObjectHideFlags: 0
  m_CorrespondingSourceObject: {fileID: 0}
  m_PrefabInstance: {fileID: 0}
  m_PrefabAsset: {fileID: 0}
  m_GameObject: {fileID: 1911415352}
  m_LocalRotation: {x: 0, y: 0, z: 0, w: 1}
  m_LocalPosition: {x: 0, y: 0, z: 0}
  m_LocalScale: {x: 1, y: 1, z: 1}
  m_ConstrainProportionsScale: 0
  m_Children:
  - {fileID: 1524661390}
  - {fileID: 571126108}
  - {fileID: 745502395}
  - {fileID: 731322245}
  m_Father: {fileID: 0}
  m_RootOrder: 1
  m_LocalEulerAnglesHint: {x: 0, y: 0, z: 0}
--- !u!1 &1922051925
GameObject:
  m_ObjectHideFlags: 0
  m_CorrespondingSourceObject: {fileID: 0}
  m_PrefabInstance: {fileID: 0}
  m_PrefabAsset: {fileID: 0}
  serializedVersion: 6
  m_Component:
  - component: {fileID: 1922051926}
  m_Layer: 0
  m_Name: Min
  m_TagString: Untagged
  m_Icon: {fileID: 0}
  m_NavMeshLayer: 0
  m_StaticEditorFlags: 0
  m_IsActive: 1
--- !u!4 &1922051926
Transform:
  m_ObjectHideFlags: 0
  m_CorrespondingSourceObject: {fileID: 0}
  m_PrefabInstance: {fileID: 0}
  m_PrefabAsset: {fileID: 0}
  m_GameObject: {fileID: 1922051925}
  m_LocalRotation: {x: 0, y: 0, z: 0, w: 1}
  m_LocalPosition: {x: -8.64, y: 0.5, z: 5.55}
  m_LocalScale: {x: 1, y: 1, z: 1}
  m_ConstrainProportionsScale: 0
  m_Children: []
  m_Father: {fileID: 1166070007}
  m_RootOrder: 0
  m_LocalEulerAnglesHint: {x: 0, y: 0, z: 0}
--- !u!1001 &1938683815
PrefabInstance:
  m_ObjectHideFlags: 0
  serializedVersion: 2
  m_Modification:
    m_TransformParent: {fileID: 1957239452}
    m_Modifications:
    - target: {fileID: 340378917343755720, guid: 5ac947180aa27ab44b3f3389edc04625, type: 3}
      propertyPath: m_Name
      value: Top
      objectReference: {fileID: 0}
    - target: {fileID: 340378917343755720, guid: 5ac947180aa27ab44b3f3389edc04625, type: 3}
      propertyPath: m_StaticEditorFlags
      value: 8
      objectReference: {fileID: 0}
    - target: {fileID: 5500330083661659366, guid: 5ac947180aa27ab44b3f3389edc04625, type: 3}
      propertyPath: m_RootOrder
      value: 3
      objectReference: {fileID: 0}
    - target: {fileID: 5500330083661659366, guid: 5ac947180aa27ab44b3f3389edc04625, type: 3}
      propertyPath: m_LocalScale.z
      value: 21
      objectReference: {fileID: 0}
    - target: {fileID: 5500330083661659366, guid: 5ac947180aa27ab44b3f3389edc04625, type: 3}
      propertyPath: m_LocalPosition.x
      value: 0
      objectReference: {fileID: 0}
    - target: {fileID: 5500330083661659366, guid: 5ac947180aa27ab44b3f3389edc04625, type: 3}
      propertyPath: m_LocalPosition.y
      value: 0.5
      objectReference: {fileID: 0}
    - target: {fileID: 5500330083661659366, guid: 5ac947180aa27ab44b3f3389edc04625, type: 3}
      propertyPath: m_LocalPosition.z
      value: 10.5
      objectReference: {fileID: 0}
    - target: {fileID: 5500330083661659366, guid: 5ac947180aa27ab44b3f3389edc04625, type: 3}
      propertyPath: m_LocalRotation.w
      value: 0.7071068
      objectReference: {fileID: 0}
    - target: {fileID: 5500330083661659366, guid: 5ac947180aa27ab44b3f3389edc04625, type: 3}
      propertyPath: m_LocalRotation.x
      value: 0
      objectReference: {fileID: 0}
    - target: {fileID: 5500330083661659366, guid: 5ac947180aa27ab44b3f3389edc04625, type: 3}
      propertyPath: m_LocalRotation.y
      value: 0.7071068
      objectReference: {fileID: 0}
    - target: {fileID: 5500330083661659366, guid: 5ac947180aa27ab44b3f3389edc04625, type: 3}
      propertyPath: m_LocalRotation.z
      value: 0
      objectReference: {fileID: 0}
    - target: {fileID: 5500330083661659366, guid: 5ac947180aa27ab44b3f3389edc04625, type: 3}
      propertyPath: m_LocalEulerAnglesHint.x
      value: 0
      objectReference: {fileID: 0}
    - target: {fileID: 5500330083661659366, guid: 5ac947180aa27ab44b3f3389edc04625, type: 3}
      propertyPath: m_LocalEulerAnglesHint.y
      value: 90
      objectReference: {fileID: 0}
    - target: {fileID: 5500330083661659366, guid: 5ac947180aa27ab44b3f3389edc04625, type: 3}
      propertyPath: m_LocalEulerAnglesHint.z
      value: 0
      objectReference: {fileID: 0}
    m_RemovedComponents: []
  m_SourcePrefab: {fileID: 100100000, guid: 5ac947180aa27ab44b3f3389edc04625, type: 3}
--- !u!4 &1938683816 stripped
Transform:
  m_CorrespondingSourceObject: {fileID: 5500330083661659366, guid: 5ac947180aa27ab44b3f3389edc04625, type: 3}
  m_PrefabInstance: {fileID: 1938683815}
  m_PrefabAsset: {fileID: 0}
--- !u!1 &1953211995
GameObject:
  m_ObjectHideFlags: 0
  m_CorrespondingSourceObject: {fileID: 0}
  m_PrefabInstance: {fileID: 0}
  m_PrefabAsset: {fileID: 0}
  serializedVersion: 6
  m_Component:
  - component: {fileID: 1953211996}
  m_Layer: 0
  m_Name: Characters
  m_TagString: Untagged
  m_Icon: {fileID: 0}
  m_NavMeshLayer: 0
  m_StaticEditorFlags: 0
  m_IsActive: 1
--- !u!4 &1953211996
Transform:
  m_ObjectHideFlags: 0
  m_CorrespondingSourceObject: {fileID: 0}
  m_PrefabInstance: {fileID: 0}
  m_PrefabAsset: {fileID: 0}
  m_GameObject: {fileID: 1953211995}
  m_LocalRotation: {x: 0, y: 0, z: 0, w: 1}
  m_LocalPosition: {x: 0, y: 0, z: 0}
  m_LocalScale: {x: 1, y: 1, z: 1}
  m_ConstrainProportionsScale: 0
  m_Children:
  - {fileID: 728474687}
  - {fileID: 760335624}
  m_Father: {fileID: 1150732126}
  m_RootOrder: 3
  m_LocalEulerAnglesHint: {x: 0, y: 0, z: 0}
--- !u!1 &1957239451
GameObject:
  m_ObjectHideFlags: 0
  m_CorrespondingSourceObject: {fileID: 0}
  m_PrefabInstance: {fileID: 0}
  m_PrefabAsset: {fileID: 0}
  serializedVersion: 6
  m_Component:
  - component: {fileID: 1957239452}
  m_Layer: 0
  m_Name: Borders
  m_TagString: Untagged
  m_Icon: {fileID: 0}
  m_NavMeshLayer: 0
  m_StaticEditorFlags: 0
  m_IsActive: 1
--- !u!4 &1957239452
Transform:
  m_ObjectHideFlags: 0
  m_CorrespondingSourceObject: {fileID: 0}
  m_PrefabInstance: {fileID: 0}
  m_PrefabAsset: {fileID: 0}
  m_GameObject: {fileID: 1957239451}
  m_LocalRotation: {x: -0, y: -0, z: -0, w: 1}
  m_LocalPosition: {x: 0, y: 0, z: 0}
  m_LocalScale: {x: 1, y: 1, z: 1}
  m_ConstrainProportionsScale: 0
  m_Children:
  - {fileID: 8645666947975205396}
  - {fileID: 213259941}
  - {fileID: 2097821366}
  - {fileID: 1938683816}
  m_Father: {fileID: 986233837}
  m_RootOrder: 1
  m_LocalEulerAnglesHint: {x: 0, y: 0, z: 0}
--- !u!1001 &2052285257
PrefabInstance:
  m_ObjectHideFlags: 0
  serializedVersion: 2
  m_Modification:
    m_TransformParent: {fileID: 1488593064}
    m_Modifications:
    - target: {fileID: 1162233364907603065, guid: f814b598059940642a1ea99651943314, type: 3}
      propertyPath: m_Name
      value: Obstacle11
      objectReference: {fileID: 0}
    - target: {fileID: 1162233364907603065, guid: f814b598059940642a1ea99651943314, type: 3}
      propertyPath: m_NavMeshLayer
      value: 1
      objectReference: {fileID: 0}
    - target: {fileID: 1162233364907603065, guid: f814b598059940642a1ea99651943314, type: 3}
      propertyPath: m_StaticEditorFlags
      value: 8
      objectReference: {fileID: 0}
    - target: {fileID: 3787681343010467663, guid: f814b598059940642a1ea99651943314, type: 3}
      propertyPath: m_RootOrder
      value: 10
      objectReference: {fileID: 0}
    - target: {fileID: 3787681343010467663, guid: f814b598059940642a1ea99651943314, type: 3}
      propertyPath: m_LocalScale.z
      value: 2
      objectReference: {fileID: 0}
    - target: {fileID: 3787681343010467663, guid: f814b598059940642a1ea99651943314, type: 3}
      propertyPath: m_LocalPosition.x
      value: -0.32
      objectReference: {fileID: 0}
    - target: {fileID: 3787681343010467663, guid: f814b598059940642a1ea99651943314, type: 3}
      propertyPath: m_LocalPosition.z
      value: -5.27
      objectReference: {fileID: 0}
    - target: {fileID: 3787681343010467663, guid: f814b598059940642a1ea99651943314, type: 3}
      propertyPath: m_LocalRotation.w
      value: 0.97214544
      objectReference: {fileID: 0}
    - target: {fileID: 3787681343010467663, guid: f814b598059940642a1ea99651943314, type: 3}
      propertyPath: m_LocalRotation.x
      value: 0
      objectReference: {fileID: 0}
    - target: {fileID: 3787681343010467663, guid: f814b598059940642a1ea99651943314, type: 3}
      propertyPath: m_LocalRotation.y
      value: 0.23437865
      objectReference: {fileID: 0}
    - target: {fileID: 3787681343010467663, guid: f814b598059940642a1ea99651943314, type: 3}
      propertyPath: m_LocalRotation.z
      value: 0
      objectReference: {fileID: 0}
    - target: {fileID: 3787681343010467663, guid: f814b598059940642a1ea99651943314, type: 3}
      propertyPath: m_LocalEulerAnglesHint.x
      value: 0
      objectReference: {fileID: 0}
    - target: {fileID: 3787681343010467663, guid: f814b598059940642a1ea99651943314, type: 3}
      propertyPath: m_LocalEulerAnglesHint.y
      value: 27.11
      objectReference: {fileID: 0}
    - target: {fileID: 3787681343010467663, guid: f814b598059940642a1ea99651943314, type: 3}
      propertyPath: m_LocalEulerAnglesHint.z
      value: 0
      objectReference: {fileID: 0}
    m_RemovedComponents: []
  m_SourcePrefab: {fileID: 100100000, guid: f814b598059940642a1ea99651943314, type: 3}
--- !u!4 &2052285258 stripped
Transform:
  m_CorrespondingSourceObject: {fileID: 3787681343010467663, guid: f814b598059940642a1ea99651943314, type: 3}
  m_PrefabInstance: {fileID: 2052285257}
  m_PrefabAsset: {fileID: 0}
--- !u!1001 &2097821365
PrefabInstance:
  m_ObjectHideFlags: 0
  serializedVersion: 2
  m_Modification:
    m_TransformParent: {fileID: 1957239452}
    m_Modifications:
    - target: {fileID: 340378917343755720, guid: 5ac947180aa27ab44b3f3389edc04625, type: 3}
      propertyPath: m_Name
      value: Bottom
      objectReference: {fileID: 0}
    - target: {fileID: 340378917343755720, guid: 5ac947180aa27ab44b3f3389edc04625, type: 3}
      propertyPath: m_StaticEditorFlags
      value: 8
      objectReference: {fileID: 0}
    - target: {fileID: 5500330083661659366, guid: 5ac947180aa27ab44b3f3389edc04625, type: 3}
      propertyPath: m_RootOrder
      value: 2
      objectReference: {fileID: 0}
    - target: {fileID: 5500330083661659366, guid: 5ac947180aa27ab44b3f3389edc04625, type: 3}
      propertyPath: m_LocalScale.z
      value: 21
      objectReference: {fileID: 0}
    - target: {fileID: 5500330083661659366, guid: 5ac947180aa27ab44b3f3389edc04625, type: 3}
      propertyPath: m_LocalPosition.x
      value: 0
      objectReference: {fileID: 0}
    - target: {fileID: 5500330083661659366, guid: 5ac947180aa27ab44b3f3389edc04625, type: 3}
      propertyPath: m_LocalPosition.y
      value: 0.5
      objectReference: {fileID: 0}
    - target: {fileID: 5500330083661659366, guid: 5ac947180aa27ab44b3f3389edc04625, type: 3}
      propertyPath: m_LocalPosition.z
      value: -10.5
      objectReference: {fileID: 0}
    - target: {fileID: 5500330083661659366, guid: 5ac947180aa27ab44b3f3389edc04625, type: 3}
      propertyPath: m_LocalRotation.w
      value: 0.7071068
      objectReference: {fileID: 0}
    - target: {fileID: 5500330083661659366, guid: 5ac947180aa27ab44b3f3389edc04625, type: 3}
      propertyPath: m_LocalRotation.x
      value: 0
      objectReference: {fileID: 0}
    - target: {fileID: 5500330083661659366, guid: 5ac947180aa27ab44b3f3389edc04625, type: 3}
      propertyPath: m_LocalRotation.y
      value: 0.7071068
      objectReference: {fileID: 0}
    - target: {fileID: 5500330083661659366, guid: 5ac947180aa27ab44b3f3389edc04625, type: 3}
      propertyPath: m_LocalRotation.z
      value: 0
      objectReference: {fileID: 0}
    - target: {fileID: 5500330083661659366, guid: 5ac947180aa27ab44b3f3389edc04625, type: 3}
      propertyPath: m_LocalEulerAnglesHint.x
      value: 0
      objectReference: {fileID: 0}
    - target: {fileID: 5500330083661659366, guid: 5ac947180aa27ab44b3f3389edc04625, type: 3}
      propertyPath: m_LocalEulerAnglesHint.y
      value: 90
      objectReference: {fileID: 0}
    - target: {fileID: 5500330083661659366, guid: 5ac947180aa27ab44b3f3389edc04625, type: 3}
      propertyPath: m_LocalEulerAnglesHint.z
      value: 0
      objectReference: {fileID: 0}
    m_RemovedComponents: []
  m_SourcePrefab: {fileID: 100100000, guid: 5ac947180aa27ab44b3f3389edc04625, type: 3}
--- !u!4 &2097821366 stripped
Transform:
  m_CorrespondingSourceObject: {fileID: 5500330083661659366, guid: 5ac947180aa27ab44b3f3389edc04625, type: 3}
  m_PrefabInstance: {fileID: 2097821365}
  m_PrefabAsset: {fileID: 0}
--- !u!1001 &592020865208344998
PrefabInstance:
  m_ObjectHideFlags: 0
  serializedVersion: 2
  m_Modification:
    m_TransformParent: {fileID: 1488593064}
    m_Modifications:
    - target: {fileID: 1162233364907603065, guid: f814b598059940642a1ea99651943314, type: 3}
      propertyPath: m_Name
      value: Obstacle1
      objectReference: {fileID: 0}
    - target: {fileID: 1162233364907603065, guid: f814b598059940642a1ea99651943314, type: 3}
      propertyPath: m_NavMeshLayer
      value: 1
      objectReference: {fileID: 0}
    - target: {fileID: 1162233364907603065, guid: f814b598059940642a1ea99651943314, type: 3}
      propertyPath: m_StaticEditorFlags
      value: 8
      objectReference: {fileID: 0}
    - target: {fileID: 3787681343010467663, guid: f814b598059940642a1ea99651943314, type: 3}
      propertyPath: m_RootOrder
      value: 0
      objectReference: {fileID: 0}
    - target: {fileID: 3787681343010467663, guid: f814b598059940642a1ea99651943314, type: 3}
      propertyPath: m_LocalPosition.x
      value: -0.49
      objectReference: {fileID: 0}
    - target: {fileID: 3787681343010467663, guid: f814b598059940642a1ea99651943314, type: 3}
      propertyPath: m_LocalPosition.y
      value: 0.5
      objectReference: {fileID: 0}
    - target: {fileID: 3787681343010467663, guid: f814b598059940642a1ea99651943314, type: 3}
      propertyPath: m_LocalPosition.z
      value: 4.63
      objectReference: {fileID: 0}
    - target: {fileID: 3787681343010467663, guid: f814b598059940642a1ea99651943314, type: 3}
      propertyPath: m_LocalRotation.w
      value: 0.97337925
      objectReference: {fileID: 0}
    - target: {fileID: 3787681343010467663, guid: f814b598059940642a1ea99651943314, type: 3}
      propertyPath: m_LocalRotation.x
      value: 0
      objectReference: {fileID: 0}
    - target: {fileID: 3787681343010467663, guid: f814b598059940642a1ea99651943314, type: 3}
      propertyPath: m_LocalRotation.y
      value: -0.22920047
      objectReference: {fileID: 0}
    - target: {fileID: 3787681343010467663, guid: f814b598059940642a1ea99651943314, type: 3}
      propertyPath: m_LocalRotation.z
      value: 0
      objectReference: {fileID: 0}
    - target: {fileID: 3787681343010467663, guid: f814b598059940642a1ea99651943314, type: 3}
      propertyPath: m_LocalEulerAnglesHint.x
      value: 0
      objectReference: {fileID: 0}
    - target: {fileID: 3787681343010467663, guid: f814b598059940642a1ea99651943314, type: 3}
      propertyPath: m_LocalEulerAnglesHint.y
      value: -26.5
      objectReference: {fileID: 0}
    - target: {fileID: 3787681343010467663, guid: f814b598059940642a1ea99651943314, type: 3}
      propertyPath: m_LocalEulerAnglesHint.z
      value: 0
      objectReference: {fileID: 0}
    m_RemovedComponents: []
  m_SourcePrefab: {fileID: 100100000, guid: f814b598059940642a1ea99651943314, type: 3}
--- !u!4 &592020865208344999 stripped
Transform:
  m_CorrespondingSourceObject: {fileID: 3787681343010467663, guid: f814b598059940642a1ea99651943314, type: 3}
  m_PrefabInstance: {fileID: 592020865208344998}
  m_PrefabAsset: {fileID: 0}
--- !u!225 &3594876278004529314
CanvasGroup:
  m_ObjectHideFlags: 0
  m_CorrespondingSourceObject: {fileID: 0}
  m_PrefabInstance: {fileID: 0}
  m_PrefabAsset: {fileID: 0}
  m_GameObject: {fileID: 7994729575729261128}
  m_Enabled: 1
  m_Alpha: 1
  m_Interactable: 1
  m_BlocksRaycasts: 1
  m_IgnoreParentGroups: 0
--- !u!1 &7994729575203678033
GameObject:
  m_ObjectHideFlags: 0
  m_CorrespondingSourceObject: {fileID: 0}
  m_PrefabInstance: {fileID: 0}
  m_PrefabAsset: {fileID: 0}
  serializedVersion: 6
  m_Component:
  - component: {fileID: 7994729575203678034}
  - component: {fileID: 7994729575203678045}
  - component: {fileID: 7994729575203678044}
  - component: {fileID: 7994729575203678046}
  m_Layer: 5
  m_Name: Handle
  m_TagString: Untagged
  m_Icon: {fileID: 0}
  m_NavMeshLayer: 0
  m_StaticEditorFlags: 0
  m_IsActive: 1
--- !u!224 &7994729575203678034
RectTransform:
  m_ObjectHideFlags: 0
  m_CorrespondingSourceObject: {fileID: 0}
  m_PrefabInstance: {fileID: 0}
  m_PrefabAsset: {fileID: 0}
  m_GameObject: {fileID: 7994729575203678033}
  m_LocalRotation: {x: 0, y: 0, z: 0, w: 1}
  m_LocalPosition: {x: 0, y: 0, z: 0}
  m_LocalScale: {x: 1, y: 1, z: 1}
  m_ConstrainProportionsScale: 0
  m_Children: []
  m_Father: {fileID: 7994729575729261129}
  m_RootOrder: 0
  m_LocalEulerAnglesHint: {x: 0, y: 0, z: 0}
  m_AnchorMin: {x: 0.5, y: 0.5}
  m_AnchorMax: {x: 0.5, y: 0.5}
  m_AnchoredPosition: {x: 0, y: 0}
  m_SizeDelta: {x: 32, y: 32}
  m_Pivot: {x: 0.5, y: 0.5}
--- !u!114 &7994729575203678044
MonoBehaviour:
  m_ObjectHideFlags: 0
  m_CorrespondingSourceObject: {fileID: 0}
  m_PrefabInstance: {fileID: 0}
  m_PrefabAsset: {fileID: 0}
  m_GameObject: {fileID: 7994729575203678033}
  m_Enabled: 1
  m_EditorHideFlags: 0
  m_Script: {fileID: 11500000, guid: fe87c0e1cc204ed48ad3b37840f39efc, type: 3}
  m_Name: 
  m_EditorClassIdentifier: 
  m_Material: {fileID: 0}
  m_Color: {r: 1, g: 1, b: 1, a: 1}
  m_RaycastTarget: 1
  m_RaycastPadding: {x: 0, y: 0, z: 0, w: 0}
  m_Maskable: 1
  m_OnCullStateChanged:
    m_PersistentCalls:
      m_Calls: []
  m_Sprite: {fileID: 21300000, guid: 098b426cb73dd953886efddf38416b89, type: 3}
  m_Type: 0
  m_PreserveAspect: 0
  m_FillCenter: 1
  m_FillMethod: 4
  m_FillAmount: 1
  m_FillClockwise: 1
  m_FillOrigin: 0
  m_UseSpriteMesh: 0
  m_PixelsPerUnitMultiplier: 1
--- !u!222 &7994729575203678045
CanvasRenderer:
  m_ObjectHideFlags: 0
  m_CorrespondingSourceObject: {fileID: 0}
  m_PrefabInstance: {fileID: 0}
  m_PrefabAsset: {fileID: 0}
  m_GameObject: {fileID: 7994729575203678033}
  m_CullTransparentMesh: 0
--- !u!114 &7994729575203678046
MonoBehaviour:
  m_ObjectHideFlags: 0
  m_CorrespondingSourceObject: {fileID: 0}
  m_PrefabInstance: {fileID: 0}
  m_PrefabAsset: {fileID: 0}
  m_GameObject: {fileID: 7994729575203678033}
  m_Enabled: 1
  m_EditorHideFlags: 0
  m_Script: {fileID: 11500000, guid: e9d677f1681015749b15c436eec6d880, type: 3}
  m_Name: 
  m_EditorClassIdentifier: 
  m_MovementRange: 50
  m_ControlPath: <Gamepad>/leftStick
--- !u!222 &7994729575447672568
CanvasRenderer:
  m_ObjectHideFlags: 0
  m_CorrespondingSourceObject: {fileID: 0}
  m_PrefabInstance: {fileID: 0}
  m_PrefabAsset: {fileID: 0}
  m_GameObject: {fileID: 7994729575447672573}
  m_CullTransparentMesh: 0
--- !u!1 &7994729575447672573
GameObject:
  m_ObjectHideFlags: 0
  m_CorrespondingSourceObject: {fileID: 0}
  m_PrefabInstance: {fileID: 0}
  m_PrefabAsset: {fileID: 0}
  serializedVersion: 6
  m_Component:
  - component: {fileID: 7994729575447672574}
  - component: {fileID: 7994729575447672568}
  m_Layer: 5
  m_Name: Joystick
  m_TagString: Untagged
  m_Icon: {fileID: 0}
  m_NavMeshLayer: 0
  m_StaticEditorFlags: 0
  m_IsActive: 1
--- !u!224 &7994729575447672574
RectTransform:
  m_ObjectHideFlags: 0
  m_CorrespondingSourceObject: {fileID: 0}
  m_PrefabInstance: {fileID: 0}
  m_PrefabAsset: {fileID: 0}
  m_GameObject: {fileID: 7994729575447672573}
  m_LocalRotation: {x: 0, y: 0, z: 0, w: 1}
  m_LocalPosition: {x: 0, y: 0, z: 0}
  m_LocalScale: {x: 1, y: 1, z: 1}
  m_ConstrainProportionsScale: 0
  m_Children:
  - {fileID: 7994729575729261129}
  m_Father: {fileID: 1622698002}
  m_RootOrder: 0
  m_LocalEulerAnglesHint: {x: 0, y: 0, z: 0}
  m_AnchorMin: {x: 0, y: 0}
  m_AnchorMax: {x: 0, y: 0}
  m_AnchoredPosition: {x: 50, y: 50}
  m_SizeDelta: {x: 100, y: 100}
  m_Pivot: {x: 0, y: 0}
--- !u!1 &7994729575729261128
GameObject:
  m_ObjectHideFlags: 0
  m_CorrespondingSourceObject: {fileID: 0}
  m_PrefabInstance: {fileID: 0}
  m_PrefabAsset: {fileID: 0}
  serializedVersion: 6
  m_Component:
  - component: {fileID: 7994729575729261129}
  - component: {fileID: 7994729575729261140}
  - component: {fileID: 7994729575729261131}
  - component: {fileID: 3594876278004529314}
  m_Layer: 5
  m_Name: Circle
  m_TagString: Untagged
  m_Icon: {fileID: 0}
  m_NavMeshLayer: 0
  m_StaticEditorFlags: 0
  m_IsActive: 1
--- !u!224 &7994729575729261129
RectTransform:
  m_ObjectHideFlags: 0
  m_CorrespondingSourceObject: {fileID: 0}
  m_PrefabInstance: {fileID: 0}
  m_PrefabAsset: {fileID: 0}
  m_GameObject: {fileID: 7994729575729261128}
  m_LocalRotation: {x: -0, y: -0, z: -0, w: 1}
  m_LocalPosition: {x: 0, y: 0, z: 0}
  m_LocalScale: {x: 1, y: 1, z: 1}
  m_ConstrainProportionsScale: 0
  m_Children:
  - {fileID: 7994729575203678034}
  m_Father: {fileID: 7994729575447672574}
  m_RootOrder: 0
  m_LocalEulerAnglesHint: {x: 0, y: 0, z: 0}
  m_AnchorMin: {x: 0, y: 0}
  m_AnchorMax: {x: 1, y: 1}
  m_AnchoredPosition: {x: 0, y: 0}
  m_SizeDelta: {x: 0, y: 0}
  m_Pivot: {x: 0.5, y: 0.5}
--- !u!114 &7994729575729261131
MonoBehaviour:
  m_ObjectHideFlags: 0
  m_CorrespondingSourceObject: {fileID: 0}
  m_PrefabInstance: {fileID: 0}
  m_PrefabAsset: {fileID: 0}
  m_GameObject: {fileID: 7994729575729261128}
  m_Enabled: 1
  m_EditorHideFlags: 0
  m_Script: {fileID: 11500000, guid: fe87c0e1cc204ed48ad3b37840f39efc, type: 3}
  m_Name: 
  m_EditorClassIdentifier: 
  m_Material: {fileID: 0}
  m_Color: {r: 1, g: 1, b: 1, a: 1}
  m_RaycastTarget: 1
  m_RaycastPadding: {x: 0, y: 0, z: 0, w: 0}
  m_Maskable: 1
  m_OnCullStateChanged:
    m_PersistentCalls:
      m_Calls: []
  m_Sprite: {fileID: 21300000, guid: 83adf99002fa21b9f8602d8d97948c61, type: 3}
  m_Type: 0
  m_PreserveAspect: 0
  m_FillCenter: 1
  m_FillMethod: 4
  m_FillAmount: 1
  m_FillClockwise: 1
  m_FillOrigin: 0
  m_UseSpriteMesh: 0
  m_PixelsPerUnitMultiplier: 1
--- !u!222 &7994729575729261140
CanvasRenderer:
  m_ObjectHideFlags: 0
  m_CorrespondingSourceObject: {fileID: 0}
  m_PrefabInstance: {fileID: 0}
  m_PrefabAsset: {fileID: 0}
  m_GameObject: {fileID: 7994729575729261128}
  m_CullTransparentMesh: 0
--- !u!1001 &8645666947975205395
PrefabInstance:
  m_ObjectHideFlags: 0
  serializedVersion: 2
  m_Modification:
    m_TransformParent: {fileID: 1957239452}
    m_Modifications:
    - target: {fileID: 340378917343755720, guid: 5ac947180aa27ab44b3f3389edc04625, type: 3}
      propertyPath: m_Name
      value: Left
      objectReference: {fileID: 0}
    - target: {fileID: 340378917343755720, guid: 5ac947180aa27ab44b3f3389edc04625, type: 3}
      propertyPath: m_StaticEditorFlags
      value: 8
      objectReference: {fileID: 0}
    - target: {fileID: 5500330083661659366, guid: 5ac947180aa27ab44b3f3389edc04625, type: 3}
      propertyPath: m_RootOrder
      value: 0
      objectReference: {fileID: 0}
    - target: {fileID: 5500330083661659366, guid: 5ac947180aa27ab44b3f3389edc04625, type: 3}
      propertyPath: m_LocalScale.z
      value: 20
      objectReference: {fileID: 0}
    - target: {fileID: 5500330083661659366, guid: 5ac947180aa27ab44b3f3389edc04625, type: 3}
      propertyPath: m_LocalPosition.x
      value: -10
      objectReference: {fileID: 0}
    - target: {fileID: 5500330083661659366, guid: 5ac947180aa27ab44b3f3389edc04625, type: 3}
      propertyPath: m_LocalPosition.y
      value: 0.5
      objectReference: {fileID: 0}
    - target: {fileID: 5500330083661659366, guid: 5ac947180aa27ab44b3f3389edc04625, type: 3}
      propertyPath: m_LocalPosition.z
      value: 0
      objectReference: {fileID: 0}
    - target: {fileID: 5500330083661659366, guid: 5ac947180aa27ab44b3f3389edc04625, type: 3}
      propertyPath: m_LocalRotation.w
      value: 1
      objectReference: {fileID: 0}
    - target: {fileID: 5500330083661659366, guid: 5ac947180aa27ab44b3f3389edc04625, type: 3}
      propertyPath: m_LocalRotation.x
      value: 0
      objectReference: {fileID: 0}
    - target: {fileID: 5500330083661659366, guid: 5ac947180aa27ab44b3f3389edc04625, type: 3}
      propertyPath: m_LocalRotation.y
      value: 0
      objectReference: {fileID: 0}
    - target: {fileID: 5500330083661659366, guid: 5ac947180aa27ab44b3f3389edc04625, type: 3}
      propertyPath: m_LocalRotation.z
      value: 0
      objectReference: {fileID: 0}
    - target: {fileID: 5500330083661659366, guid: 5ac947180aa27ab44b3f3389edc04625, type: 3}
      propertyPath: m_LocalEulerAnglesHint.x
      value: 0
      objectReference: {fileID: 0}
    - target: {fileID: 5500330083661659366, guid: 5ac947180aa27ab44b3f3389edc04625, type: 3}
      propertyPath: m_LocalEulerAnglesHint.y
      value: 0
      objectReference: {fileID: 0}
    - target: {fileID: 5500330083661659366, guid: 5ac947180aa27ab44b3f3389edc04625, type: 3}
      propertyPath: m_LocalEulerAnglesHint.z
      value: 0
      objectReference: {fileID: 0}
    m_RemovedComponents: []
  m_SourcePrefab: {fileID: 100100000, guid: 5ac947180aa27ab44b3f3389edc04625, type: 3}
--- !u!4 &8645666947975205396 stripped
Transform:
  m_CorrespondingSourceObject: {fileID: 5500330083661659366, guid: 5ac947180aa27ab44b3f3389edc04625, type: 3}
  m_PrefabInstance: {fileID: 8645666947975205395}
  m_PrefabAsset: {fileID: 0}
--- !u!1001 &8934226478425919253
PrefabInstance:
  m_ObjectHideFlags: 0
  serializedVersion: 2
  m_Modification:
    m_TransformParent: {fileID: 1953211996}
    m_Modifications:
    - target: {fileID: 1257213304, guid: 1e1462e47ca8da14c8ddfaffb3b28128, type: 3}
      propertyPath: m_IsActive
      value: 0
      objectReference: {fileID: 0}
    - target: {fileID: 8934226479107861290, guid: 1e1462e47ca8da14c8ddfaffb3b28128, type: 3}
      propertyPath: m_RootOrder
      value: 0
      objectReference: {fileID: 0}
    - target: {fileID: 8934226479107861290, guid: 1e1462e47ca8da14c8ddfaffb3b28128, type: 3}
      propertyPath: m_LocalPosition.x
      value: -4.05
      objectReference: {fileID: 0}
    - target: {fileID: 8934226479107861290, guid: 1e1462e47ca8da14c8ddfaffb3b28128, type: 3}
      propertyPath: m_LocalPosition.y
      value: 0.5
      objectReference: {fileID: 0}
    - target: {fileID: 8934226479107861290, guid: 1e1462e47ca8da14c8ddfaffb3b28128, type: 3}
      propertyPath: m_LocalPosition.z
      value: -7.31
      objectReference: {fileID: 0}
    - target: {fileID: 8934226479107861290, guid: 1e1462e47ca8da14c8ddfaffb3b28128, type: 3}
      propertyPath: m_LocalRotation.w
      value: 0.9711135
      objectReference: {fileID: 0}
    - target: {fileID: 8934226479107861290, guid: 1e1462e47ca8da14c8ddfaffb3b28128, type: 3}
      propertyPath: m_LocalRotation.x
      value: -0
      objectReference: {fileID: 0}
    - target: {fileID: 8934226479107861290, guid: 1e1462e47ca8da14c8ddfaffb3b28128, type: 3}
      propertyPath: m_LocalRotation.y
      value: -0.23861815
      objectReference: {fileID: 0}
    - target: {fileID: 8934226479107861290, guid: 1e1462e47ca8da14c8ddfaffb3b28128, type: 3}
      propertyPath: m_LocalRotation.z
      value: -0
      objectReference: {fileID: 0}
    - target: {fileID: 8934226479107861290, guid: 1e1462e47ca8da14c8ddfaffb3b28128, type: 3}
      propertyPath: m_LocalEulerAnglesHint.x
      value: 0
      objectReference: {fileID: 0}
    - target: {fileID: 8934226479107861290, guid: 1e1462e47ca8da14c8ddfaffb3b28128, type: 3}
      propertyPath: m_LocalEulerAnglesHint.y
      value: -27.61
      objectReference: {fileID: 0}
    - target: {fileID: 8934226479107861290, guid: 1e1462e47ca8da14c8ddfaffb3b28128, type: 3}
      propertyPath: m_LocalEulerAnglesHint.z
      value: 0
      objectReference: {fileID: 0}
    - target: {fileID: 8934226479107861291, guid: 1e1462e47ca8da14c8ddfaffb3b28128, type: 3}
      propertyPath: m_Name
      value: Player
      objectReference: {fileID: 0}
    m_RemovedComponents: []
  m_SourcePrefab: {fileID: 100100000, guid: 1e1462e47ca8da14c8ddfaffb3b28128, type: 3}
